3684 5576
643 593 687 637 nn
713 591 880 639 arcessire
888 591 934 636 ris
960 591 1106 639 annona
1421 584 1461 643 43

292 820 415 892 weiler
433 833 551 892 ortum
574 832 687 918 putet,
711 819 786 892 uim
806 817 1028 892 necessitatis
1047 845 1119 892 non
1148 845 1369 917 comparere,
1395 844 1462 891 nec

295 951 413 1008 tamen
440 935 526 1007 satis
553 934 725 1034 explicari
745 959 809 1008 cur
835 935 871 1006 in
898 935 965 1008 hoc
988 960 1074 1008 casu
1097 935 1286 1009 obscurata
1309 935 1367 1007 sit.
1391 935 1462 1007 Sed

295 1051 423 1150 placita
442 1051 670 1124 Weisweiler
689 1077 769 1124 cum
789 1051 924 1148 optime
944 1051 1116 1124 Persson1
1131 1050 1326 1141 reffellerit,
1346 1051 1463 1124 notio·

294 1193 450 1267 nemque
470 1166 692 1240 necessitatis
717 1192 788 1239 non
809 1192 887 1239 esse
905 1166 1142 1266 principalem
1161 1166 1375 1264 ostenderit,
1395 1193 1462 1239 nos

293 1284 380 1356 haec
399 1282 495 1356 notio
515 1283 651 1356 formae
667 1283 703 1354 in
718 1282 831 1355 -ndus
846 1283 1024 1356 desinenti
1043 1308 1115 1382 quo
1132 1299 1236 1382 pacto
1252 1282 1459 1372 accreuerit,

294 1399 537 1473 ostendamus.

340 1526 382 1600 B.
398 1526 632 1625 -Exempla
648 1526 780 1625 quibus
795 1525 967 1623 probetur
981 1527 1074 1599 hanc
1087 1551 1218 1599 nouam
1235 1523 1460 1623 significandi

248 1633 250 1637 Α
293 1641 368 1714 uim
404 1667 607 1714 accrescere
643 1642 754 1715 uerbo
792 1642 964 1739 potuisse,
1000 1642 1102 1741 *quod
1136 1655 1271 1739 negant
1298 1640 1459 1740 quidam,

293 1757 444 1831 multae
469 1757 579 1830 uariis
603 1757 736 1856 linguis
756 1758 909 1857 proferri
929 1757 1113 1855 possunt².
1141 1758 1236 1830 Satis
1259 1758 1327 1831 erit
1350 1782 1461 1828 unum

293 1887 328 1947 et
340 1873 491 1947 alterum
507 1899 725 1947 memorasse
739 1901 831 1973 quae
842 1874 886 1947 ad
897 1899 973 1946 rem
989 1873 1146 1946 maxime
1159 1874 1351 1972 pertinent.
1369 1872 1462 1945 Nam

293 1989 479 2062 adiectiuis
495 1989 701 2062 uerbalibus
721 1990 756 2060 in
771 1989 865 2079 dtis,
886 1989 995 2079 -tilr's‚
1016 1989 1117 2064 -bitis
1134 1989 1363 2080 exeuntibus,
1380 2013 1462 2060 cum
1540 2030 1542 2034 ·

293 2131 338 2179 ex
353 2106 620 2204 comparatione
630 2131 713 2179 cum
722 2106 1019 2204 formiscognatis
1033 2105 1193 2178 instituta
1202 2105 1228 2197 ³,
1241 2120 1318 2178 tum
1332 2131 1351 2177 e
1367 2104 1463 2204 pris·

289 2247 413 2294 corum
428 2222 645 2319 scriptorum
660 2248 727 2295 usu
741 2224 895 2318 (corona
903 2221 1075 2321 plectilis,
1097 2222 1212 2294 Plaut.
1235 2220 1370 2294 Bacch.
1394 2246 1455 2319 70,

292 2363 375 2411 cum
393 2338 448 2410 his
471 2337 558 2408 mihi
582 2364 648 2410 nec
679 2338 792 2431 locus,
825 2363 891 2411 nac
918 2363 1037 2411 sermo
1068 2338 1249 2425 conuenit,
1281 2363 1397 2435 neque
1428 2337 1459 2409 is

297 2478 456 2553 unquam
493 2453 621 2529 nobilis
652 2453 717 2545 fui,
747 2453 919 2527 Pseudol.
957 2457 1077 2549 1112),
1112 2467 1262 2551 apparet
1298 2454 1463 2526 notiones

298 2569 535 2668 procliuitatis
550 2594 591 2641 ac
606 2568 784 2642 facultatis
798 2570 940 2642 natiuas
955 2594 1027 2641 non
1043 2594 1135 2661 esse,
1152 2570 1215 2643 sed
1229 2570 1461 2643 aduenticias

295 2687 384 2759 ltem
404 2686 440 2757 in
462 2685 690 2785 participium
713 2685 859 2785 perfecti
877 2687 914 2758 in
928 2699 1004 2759 -to·
1018 2686 1185 2759 desinens
1207 2686 1260 2759 uis
1272 2686 1464 2785 potestatis

297 2827 338 2874 ac
362 2801 553 2900 dz'qnitutis
581 2801 725 2876 inducta
745 2817 811 2892 est,
836 2828 927 2902 quae
950 2804 1109 2901 primum
1135 2802 1276 2875 aberat:
1296 2799 1462 2889 inuictus,

297 2918 502 3008 indomitur,
520 2931 755 3010 memoratus,
772 2931 1006 3017 contemptae,
1020 2918 1065 2992 cf.
1083 2927 1191 3010 βατός,
1209 2930 1341 3009 ἄβατος,
1355 2924 1459 3000 taeta,

297 3033 1462 3132 &teroeflisexexemplisconstatetparticipioinfectinotionem

295 3149 517 3223 necessitatis
534 3174 736 3222 accrescere
758 3150 929 3248 potuisse.

343 3265 422 3357 Qua
436 3279 555 3339 autem
574 3266 631 3338 uia
651 3291 793 3365 quaque
812 3266 952 3339 ratione
974 3291 1051 3339 eam
1073 3265 1307 3363 assumpserit
1327 3292 1464 3364 gerun-

295 3381 536 3470 diuum‚docti
547 3382 634 3454 uiri‘
649 3382 777 3455 melius
793 3381 1461 3482 indicaueruntquamexplanauerunt,

204 3586 207 3593 Ι
294 3498 324 3570 is
338 3511 472 3587 autem,
487 3496 743 3595 opinor,facile
759 3497 964 3596 perspiciet,
983 3498 1044 3597 qui
1059 3499 1146 3571 haec
1157 3498 1228 3571 duo
1245 3498 1462 3589 meminerit,

295 3627 329 3686 et
348 3639 457 3712 quam
476 3613 545 3686 late
563 3612 685 3686 infecti
708 3616 866 3686 maxime
889 3614 1025 3712 passiui
1043 3614 1257 3712 significatio
1277 3629 1407 3712 pateat,
1430 3629 1464 3686 et

295 3755 366 3828 qua
385 3729 443 3801 uia
461 3754 568 3828 saepe
598 3727 734 3802 formae
758 3729 864 3802 alicui
893 3755 989 3802 noua
1012 3731 1110 3803 notio
1139 3730 1187 3802 ita
1213 3744 1404 3819 accrescat,
1428 3743 1466 3802 ut

295 3845 372 3917 eius
391 3845 536 3944 propria'
554 3870 632 3917 esse
653 3845 828 3918 uideatur.
847 3846 940 3918 Nam
957 3845 1127 3919 infectum
1148 3847 1184 3916 in
1201 3846 1325 3917 Latina
1341 3844 1464 3943 lingua

295 3961 448 4033 uerbum
476 3985 547 4033 non
573 3974 711 4033 tantum
737 3961 773 4034 id
801 3962 973 4059 exprimit
995 3961 1160 4061 quodfit
1178 3961 1263 4034 dum
1285 3960 1462 4060 aliudstt,

296 4101 359 4148 seu
382 4101 550 4174 praesens
566 4078 663 4175 quod
678 4078 802 4150 dicunt
817 4092 974 4175 tempus,
992 4079 1053 4152 sed
1071 4077 1185 4176 ipsius
1205 4076 1306 4150 uerbi
1326 4102 1464 4149 merum

295 4218 340 4265 uc
377 4191 511 4264 nudum
554 4192 876 4293 siqnificotionem.
922 4195 997 4265 lam
1047 4219 1133 4267 uero
1177 4192 1313 4266 formae
1359 4192 1465 4264 alicui

298 4332 415 4380 nouus
437 4332 545 4406 saepe
563 4320 691 4381 sensus
706 4308 861 4401 additur,
891 4310 1104 4408 uideturque
1130 4309 1311 4408 proprius,
1333 4308 1394 4407 qni
1428 4307 1464 4378 in

298 4450 370 4495 uno
397 4437 432 4496 et
456 4422 568 4497 altero
600 4424 762 4498 eiusdem
801 4425 937 4498 formae
969 4424 1145 4498 uocabulo
1179 4423 1466 4523 frequentissime

329 4677 353 4727 t.
373 4676 513 4734 Pnassou,
531 4676 552 4729 t.
574 4677 595 4728 t.
616 4693 643 4741 p.
663 4679 702 4736 97,
721 4692 775 4747 sq..

327 4758 354 4808 t.
376 4756 516 4814 Panssou,
531 4756 553 4808 t.
572 4757 592 4808 t.
617 4759 670 4815 toa·
691 4759 745 4810 too.

327 4840 353 4889 3.
377 4838 548 4896 Bauauaxa,
568 4837 745 4897 Gronovius,
763 4851 791 4897 11,
813 4840 864 4896 190,
882 4840 936 4900 200,
955 4852 998 4903 sq.

327 4918 353 4967 4.
375 4917 418 4968 ct.
439 4915 543 4976 Basta,
561 4917 649 4971 Easai
666 4919 702 4970 de
718 4920 914 4986 sementinae,
931 4921 976 4974 ch.
994 4932 1036 4981 111;
1053 4921 1191 4979 pressos,
1209 4920 1230 4972 t.
1252 4918 1274 4971 t.
1296 4919 1348 4981 toa,
1362 4918 1416 4972 108.
