3684 5576
635 600 679 645 DE
704 597 892 647 GERUNDIVI
919 595 1069 643 Teneone
1435 591 1474 650 23

306 825 417 901 uerba
433 851 472 899 ea
489 825 607 911 sunt¹‚
624 841 817 922 aquorum
834 822 935 896 radix
950 838 1012 895 aut
1029 823 1289 896 terminabatur
1304 823 1339 894 in
1362 849 1384 895 n
1405 825 1484 919 (o),

305 957 368 1015 aut
398 942 434 1013 in
464 941 588 1014 ultima
613 940 751 1038 syllaba
783 966 805 1010 o
832 939 992 1011 uenalem
1023 939 1240 1029 continebat,
1272 938 1473 1011 cuiusmodi

306 1073 418 1131 sunt:
442 1082 611 1155 coquere,
629 1055 741 1153 loqui,
763 1056 875 1146 luere,
897 1054 1052 1146 soluere,
1071 1054 1228 1144 uoluere,
1247 1054 1330 1146 alia,
1346 1053 1474 1128 deinde

305 1174 504 1263 consulere,
536 1196 699 1260 currere,
730 1170 873 1260 docere,
903 1196 1058 1262 sumere,
1092 1169 1158 1261 uti,
1189 1169 1339 1243 tortasse
1367 1170 1474 1243 etiarn

297 1292 452 1389 supere,
474 1286 650 1361 tussire.»
671 1287 776 1379 Quod
789 1313 897 1385 quam
915 1285 984 1359 late
1000 1300 1131 1385 pateat,
1149 1311 1256 1358 nemo
1272 1311 1346 1359 non
1362 1286 1471 1359 uidet.

303 1407 415 1496 Nam,
460 1403 596 1476 -rindns
638 1430 683 1476 ex
718 1402 851 1476 -dndus
889 1403 1107 1500 processisse
1141 1402 1340 1475 doctissimi
1378 1402 1475 1474 1111Ξ

306 1521 449 1613 docent,
471 1537 505 1593 et
519 1520 686 1618 analogia
705 1520 842 1592 suadet.
863 1520 936 1591 lam
952 1544 1037 1591 nero
1055 1518 1261 1591 coniunctio
1275 1519 1474 1592 litterarum

307 1665 329 1711 u
369 1651 401 1710 et
444 1664 464 1710 o
496 1639 637 1735 (quum)
674 1636 844 1708 diuturno
883 1650 1045 1733 tempore
1081 1634 1290 1707 Latinorum
1328 1634 1475 1707 auribus

307 1753 490 1852 displicuit
510 1752 535 1824 ³.
568 1753 665 1824 Haec
692 1778 774 1824 cum
814 1752 863 1824 ita
891 1751 984 1841 sint,
1017 1750 1120 1825 lacile
1145 1751 1290 1849 quidem
1322 1750 1401 1840 luit,
1438 1767 1477 1823 ut

308 1867 543 1967 *repetendus
561 1867 780 1966 repetendus
794 1867 908 1957 fieret,
926 1868 988 1940 sed
1004 1865 1226 1939 *uoluendus
1243 1865 1345 1939 ualde
1360 1867 1476 1966 impe-

310 1985 425 2057 ditum
441 1983 538 2056 luitlss
559 1985 672 2082 igitur
691 2009 771 2055 cum
786 1983 992 2055 uoluundus
1007 1982 1082 2055 lieri
1100 2008 1171 2054 non
1189 1997 1322 2080 posset,
1343 1982 1474 2055 factum

307 2115 361 2174 est
380 2099 590 2189 uoluendus,
611 2124 693 2172 cum
712 2099 792 2172 aliis
817 2098 861 2171 de
885 2098 1015 2188 causis,
1037 2113 1114 2170 turn
1139 2097 1308 2188 maxime,
1330 2099 1472 2197 opinor,

309 2213 1478 2314 quodgerundiuorumin-cndussecundaedeclinationis(ommo·

309 2332 457 2425 nendos)
486 2331 720 2404 similitudine
751 2329 970 2403 trahebatur.
1009 2331 1059 2401 lta
1093 2354 1137 2401 ex
1166 2331 1292 2403 eodem
1325 2330 1477 2403 -dndus-

310 2448 400 2520 lacta
419 2462 501 2520 sunt
523 2447 665 2520 diuersa
680 2446 855 2544 scriptura
874 2446 1066 2535 leocadae,
1084 2460 1118 2518 et
1133 2446 1342 2519 uoluendos.
1364 2447 1476 2545 lgitur

310 2565 340 2636 si
360 2564 406 2636 ab
426 2589 499 2636 uno
521 2561 633 2650 fonte,
661 2561 798 2634 -dndus
824 2562 918 2653 dice,
938 2562 1079 2634 diuersa
1105 2576 1224 2634 tamen
1243 2563 1314 2654 uia,
1339 2562 1477 2635 -ondos

310 2694 350 2767 et
371 2678 503 2752 endas
533 2692 798 2776 processerunt,
820 2702 893 2749 non
919 2692 973 2750 est
1001 2677 1096 2775 quod
1125 2704 1145 2750 6
1179 2678 1385 2752 diuersitate
1406 2680 1478 2751 for-

310 2821 472 2884 marum,
509 2820 600 2891 quae
640 2795 818 2890 posterius
852 2809 929 2866 orta
961 2808 1030 2882 est,
1071 2818 1199 2866 sensus
1231 2794 1476 2868 diuersitatem

311 2900 544 3011 priinitiuam‚
562 2936 653 3009 quae
667 2909 703 2980 in
720 2909 981 3008 antiquissimis
997 2908 1142 2982 Latinae
1158 2909 1301 3007 linguae
1316 2910 1477 3009 reliquiis

308 3053 379 3099 non
399 3040 595 3124 comparet,
625 3025 854 3123 effingamus

355 3216 477 3313 ltaque
508 3213 553 3285 ab
590 3211 715 3285 ultima
748 3212 959 3311 antiquitate
990 3238 1073 3286 cum
1107 3212 1144 3284 in
1173 3213 1250 3311 ipsa
1281 3215 1474 3311 gerundiui

309 3329 424 3402 forma
453 3329 550 3402 notio
583 3328 793 3428 temporalis
827 3330 971 3427 propria
998 3356 1070 3402 non
1106 3329 1207 3421 insit,
1244 3330 1307 3403 sed
1339 3329 1474 3429 insecti,

308 3445 460 3544 ideoque
486 3445 693 3544 proesentis
729 3444 909 3517 interdum
942 3445 1138 3544 temporis,
1175 3471 1360 3545 nunquam
1391 3472 1477 3520 uero

340 3709 364 3760 t.
384 3709 591 3767 Hnannnmrn,
605 3706 628 3761 t.
649 3707 671 3758 1.
691 3708 779 3759 7119.
871 3772 874 3779 ⁴

337 3789 363 3840 2.
380 3789 512 3843 Lmnsar.
530 3788 677 3839 Thaletica
694 3787 864 3851 Lanpuape,
882 3788 925 3838 ch.
938 3801 997 3847 vni,
1016 3790 1077 3855 tet.
1096 3790 1206 3853 Hares,
1224 3789 1383 3844 Memotree
1396 3793 1432 3845 de
1449 3795 1477 3847 ta

306 3863 419 3917 Secic'te
435 3864 470 3913 de
486 3865 685 3929 ttnpuistique
699 3864 735 3914 de
753 3862 850 3924 Paria,
867 3865 964 3917 11131.

338 3945 363 3994 3.
384 3947 522 4001 heroine,
536 3943 657 3994 itlanuel
673 3943 902 4007 d'orthopraphe
915 3945 1017 4006 iatine,
1031 3960 1060 4010 p.
1078 3948 1118 3997 15.

340 4025 365 4075 t.
387 4023 464 4081 Quod
479 4024 610 4083 Lrsnaar,
634 4023 652 4073 t.
672 4024 692 4075 t.
718 4037 747 4087 p.
768 4024 886 4083 stt-544,
908 4025 944 4075 de
966 4026 1019 4076 hac
1037 4027 1191 4077 mutatione
1208 4026 1329 4079 scribit:
1350 4030 1411 4080 «in
1430 4033 1478 4084 the

307 4100 383 4150 third
410 4099 466 4150 and
491 4100 585 4150 fourth
610 4101 822 4163 conjugatione,
847 4101 894 4150 the
918 4103 987 4152 torm
1016 4102 1089 4153 dudo
1118 4108 1221 4154 cannot
1249 4104 1282 4154 be
1307 4119 1324 4155 a
1347 4105 1478 4169 plionetic

309 4176 505 4237 development
518 4174 547 4225 oi
562 4175 647 4224 -dndo
665 4176 767 4238 throug
778 4176 948 4240 weakening
958 4178 988 4227 oi
999 4177 1046 4228 the
1062 4179 1188 4229 woweld
1203 4180 1231 4229 in
1244 4180 1292 4230 the
1304 4184 1477 4234 unaecented

307 4250 434 4317 syllable,
457 4252 500 4301 161
522 4265 564 4301 we
592 4252 663 4301 have
700 4251 843 4313 ansereao
872 4253 916 4302 tor
947 4254 1234 4305 ‘ambhi-hherendo-
1264 4256 1293 4303 in
1325 4255 1478 4320 Umbrian,

307 4329 400 4378 where
415 4341 433 4377 a
445 4327 610 4391 wadientng
626 4328 656 4377 oi
670 4328 725 4378 this
742 4327 812 4378 kind
831 4328 924 4379 would
942 4332 992 4379 not
1009 4329 1042 4380 be
1053 4330 1170 4387 found»,
1189 4329 1242 4380 hoc
1259 4330 1368 4393 quidem
1381 4346 1477 4385 uerum

308 4408 352 4453 est
367 4417 400 4453 ea
413 4416 495 4466 quam
512 4404 582 4453 dicit
599 4404 647 4453 uia
661 4402 722 4454 fleri
738 4416 794 4453 non
812 4405 960 4467 potuisse:
979 4405 1028 4456 sed
1046 4406 1103 4456 alia
1117 4405 1165 4456 uia
1179 4406 1283 4456 iactum
1301 4408 1428 4466 arbitror,
1445 4425 1478 4461 ea

308 4491 407 4542 nempe
419 4491 500 4542 quam
513 4479 582 4528 dixi.
602 4506 633 4516 -
648 4479 726 4537 Quod
738 4479 833 4531 addit:
851 4497 863 4526 1
877 4481 1019 4545 Atthough
1033 4482 1080 4532 the
1094 4480 1167 4532 form
1183 4482 1289 4534 endo·
1302 4482 1416 4535 became
1430 4488 1477 4537 the

308 4553 450 4618 approved
467 4553 538 4603 torm
553 4555 581 4604 in
596 4553 726 4605 classieal
743 4556 834 4617 Latin,
844 4556 928 4607 while
942 4549 1036 4608 -ainao
1047 4558 1127 4620 (troni
1140 4572 1176 4608 an
1193 4558 1294 4609 earlier
1304 4558 1403 4623 -dndot
1420 4576 1478 4612 was

309 4630 451 4693 relegated
475 4635 502 4679 to
527 4630 574 4679 the
597 4630 671 4693 legal
698 4632 754 4681 and
778 4631 889 4682 archaia
907 4635 988 4695 style.
1007 4647 1030 4683 6.
1048 4646 1075 4696 g.
1093 4646 1140 4684 res
1157 4636 1348 4698 repetendae,
1368 4642 1415 4700 yet
1432 4638 1478 4688 the

308 4703 440 4754 classical
455 4704 525 4755 form
541 4706 565 4754 is
578 4705 665 4756 found
675 4719 711 4756 on
723 4708 770 4757 the
782 4707 897 4758 earliest
908 4708 1116 4772 inscriptions»
1131 4724 1227 4760 uereor
1239 4724 1273 4761 ne
1284 4710 1350 4761 illae
1362 4712 1478 4777 inscrip-

309 4781 400 4831 tiones
417 4782 459 4843 (S.
481 4780 513 4833 C.
531 4781 567 4831 cte
584 4780 831 4841 Bacchanalibus,
849 4781 908 4833 Lex
922 4784 1170 4847 repetundaruml
1185 4800 1241 4836 non
1259 4787 1328 4837 satia
1347 4790 1478 4852 antiquae

308 4857 387 4906 eint:
406 4861 481 4907 certe
496 4857 582 4908 multo
598 4858 728 4909 meliores
746 4861 855 4923 priscae
874 4861 1030 4923 scripturae
1056 4866 1122 4911 sunt
1138 4861 1300 4924 tabundus,
1317 4864 1478 4928 oriundus,

310 4933 467 4984 secundus.
