3684 5576
656 579 702 623 na
727 575 881 623 urrunnu
906 578 1044 626 unicum
1400 571 1439 630 35

272 804 355 903 lap.
374 804 489 898 tna).
509 805 548 875 ln
565 804 631 876 bac
646 817 824 877 structura
837 803 889 876 ad
907 803 1173 903 imperandum,
1195 829 1265 876 non
1282 802 1440 900 profecto

274 931 311 991 ut
327 919 538 1019 imperaret,
560 947 677 1019 neque
696 921 818 993 stricte
832 920 978 1019 quidem
996 933 1036 993 ut
1053 920 1088 992 ei
1099 921 1358 1020 imperaretur,
1378 919 1441 992 sed

274 1048 312 1108 at
344 1035 602 1135 imperaretur,
625 1051 664 1108 nt
690 1036 876 1110 iuberetur
903 1040 1016 1135 (pour
1040 1036 1131 1135 qu'il
1151 1038 1219 1134 frit
1242 1036 1360 1109 donne'
1380 1036 1441 1109 des

273 1151 429 1245 ordros),
456 1152 493 1226 id
512 1167 566 1224 est
584 1152 746 1226 absolute
767 1167 802 1225 et
819 1152 1119 1251 impersonaliter,
1142 1153 1261 1250 itaque
1282 1151 1439 1249 passiue,

274 1266 433 1365 intellegi
477 1267 595 1341 debet.
638 1268 775 1365 Igitur,
820 1269 855 1339 in
893 1267 1017 1340 multis
1054 1267 1141 1340 locis
1181 1268 1242 1340 ubi
1279 1294 1324 1340 ex
1367 1281 1441 1340 toto

252 1372 255 1377 ⁴
275 1397 445 1456 contextu
461 1385 654 1458 uerborum
670 1383 886 1482 gerundium
902 1384 1016 1482 accipi
1033 1409 1138 1482 posse
1150 1385 1269 1457 actiae
1285 1384 1440 1472 uidetur,

270 1500 432 1596 passiae,
462 1500 493 1572 si
527 1500 720 1598 diligenter
752 1501 930 1590 attendaS,
970 1499 1218 1599 accipiendum
1250 1515 1315 1573 est.
1350 1500 1440 1571 Cum

275 1615 360 1687 dicit
381 1616 514 1689 Caesar
539 1618 586 1689 B.
618 1617 657 1693 C.
693 1644 753 1687 ιιι
783 1618 841 1705 80)
871 1617 1093 1716 «Oppidum
1120 1615 1172 1689 ad
1200 1615 1443 1715 diripiendam

277 1731 450 1804 militibus
466 1733 687 1823 concessit»,
710 1733 851 1806 uidetur
872 1732 924 1805 ad
943 1731 1185 1832 diripiendam
1213 1732 1328 1805 actiae
1359 1731 1442 1821 dici,

276 1874 326 1920 sc.
352 1861 391 1921 ut
412 1848 541 1922 milites
561 1849 773 1948 diriperent.
800 1848 871 1921 Sed
897 1848 978 1935 alia,
1002 1874 1043 1921 ac
1064 1849 1177 1922 multo
1197 1849 1325 1922 melior
1348 1847 1445 1921 subit

274 1963 435 2037 animum
448 1964 707 2063 interpretatio,
723 1966 753 2037 si
771 1966 935 2038 Caesaris
951 1965 1061 2038 uerba
1081 1964 1266 2037 cumTulli
1281 1963 1444 2037 conferas

281 2080 479 2174 (Prodom.
499 2082 573 2174 bol:
595 2109 613 2151 a
628 2083 720 2154 Cum
740 2081 840 2154 alteri
861 2082 1002 2181 Syriam
1019 2080 1070 2153 ad
1081 2080 1448 2180 diripiendumtradi·

277 2196 430 2269 disset».
441 2196 584 2270 Scilicet
595 2197 647 2270 ad
655 2197 898 2295 diripiendam
916 2198 1086 2296 nequead
1100 2197 1264 2296 Syriam,
1281 2196 1447 2295 nequead

278 2312 399 2400 alteri,
417 2338 533 2412 neque
548 2313 593 2386 ad
608 2313 790 2412 oppidum,
810 2339 926 2412 neque
941 2314 986 2386 ad
1001 2312 1174 2386 militibus
1189 2312 1313 2386 referri
1326 2311 1445 2401 debet,

279 2428 342 2501 sed
360 2427 536 2519 absolute,
557 2444 592 2502 et
612 2429 900 2527 impersonaliter
914 2432 968 2524 (ut
987 2429 1222 2528 diriperetur,
1243 2441 1280 2502 at
1294 2428 1448 2527 direptio

268 2543 408 2642 fieret),
426 2544 627 2618 adhibetur.
648 2547 689 2617 Et
706 2545 741 2616 in
757 2546 824 2617 hoc
845 2544 1445 2642 Tusculanarumloco(1.a3.53):

282 2659 437 2732 «Etiam
462 2660 590 2733 ceteris
613 2686 705 2759 quae
731 2676 934 2750 mouentur,
956 2661 1014 2733 hic
1033 2660 1126 2749 fons,
1152 2655 1367 2758 principium
1395 2673 1449 2731 est

280 2775 487 2866 mouendi»,
505 2775 593 2849 illud
604 2776 780 2865 mouendi,
791 2777 857 2850 etsi
873 2802 1044 2873 graecum
1054 2777 1220 2857 κινήσεως1
1233 2776 1363 2866 reddit,
1377 2800 1448 2847 non

279 2890 373 2964 idem
386 2904 505 2964 tamen
520 2917 599 2965 esse
611 2907 717 2991 atque
732 2905 848 2965 motus
860 2893 921 2990 tdu
935 2896 1196 2987 mouvement),
1214 2891 1276 2964 scd
1292 2890 1450 2964 strictius

281 3007 508 3106 interpretari
537 3008 667 3081 debere
687 3027 743 3081 τοῦ
766 3008 908 3083 moueri
933 3009 995 3093 (dn
1027 3034 1065 3082 se
1089 3008 1266 3103 mouvoir)
1293 3005 1451 3079 ostendit

283 3123 499 3219 praecedens
515 3137 717 3214 mouentur,
738 3138 774 3196 ut
790 3139 884 3198 recte
901 3124 1071 3197 admonet
1090 3123 1320 3197 Weisweiler
1333 3121 1357 3195 ².

332 3239 370 3309 ln
391 3239 458 3311 hoc
474 3253 591 3311 tamen
608 3240 734 3312 ultimo
754 3240 845 3328 loco,
868 3255 903 3313 et
923 3240 959 3311 in
979 3239 1059 3312 aliis
1080 3240 1201 3311 multis
1221 3239 1265 3312 ad
1285 3253 1450 3311 naturam

285 3355 443 3427 nominis
472 3361 628 3449 (mutuet,
652 3356 777 3428 autad
798 3383 913 3455 penus
936 3357 1095 3429 actiuum
1115 3356 1282 3428 accedere
1309 3355 1452 3428 uidetur

283 3470 513 3567 gerundium.
537 3471 660 3569 Neque
676 3471 743 3544 hoc
759 3473 891 3544 mirum
908 3486 979 3562 est3
999 3498 1082 3543 narn
1098 3471 1132 3544 in
1149 3471 1253 3543 modo
1265 3469 1457 3569 personali

283 3612 400 3683 genus
416 3586 517 3658 uerbi
536 3612 616 3659 curn
638 3587 767 3677 lorma,
789 3602 866 3660 tum
882 3587 1043 3660 subiecto
1059 3588 1225 3685 apposito
1244 3587 1422 3659 indicatur
1441 3614 1449 3659 ε

295 3701 473 3800 Verpilias
491 3703 639 3799 lepitur,
661 3704 823 3803 Odyssea
845 3705 934 3777 lecta
949 3716 1022 3795 est;
1050 3716 1089 3776 at
1108 3705 1143 3775 in
1168 3702 1272 3775 modo
1291 3702 1454 3775 absoluta

285 3843 348 3891 seu
369 3817 616 3916 impersonali,
645 3819 721 3893 sola
751 3819 888 3892 forma:
916 3819 1065 3917 lepitur,
1095 3819 1220 3892 lectum
1247 3831 1311 3891 est.
1331 3820 1454 3917 ltaque

286 3934 323 4004 in
356 3932 425 4007 hoc
453 3936 570 4033 magis
600 3936 644 4009 ad
680 3936 797 4034 ipsam
829 3936 930 4008 uerbi
962 3934 1265 4032 significationem
1294 3934 1454 4007 animum

287 4049 523 4141 attendimus,
557 4066 592 4125 et
615 4051 838 4142 subiectum,
867 4077 949 4123 curn
974 4050 1073 4124 nullo
1101 4051 1244 4122 nomine
1271 4050 1456 4148 exprima-

288 4181 359 4256 tur,
381 4192 426 4238 ex
448 4193 514 4239 usu
534 4194 576 4240 ac
596 4167 856 4241 consuetudine
875 4168 1066 4255 sermonis,
1096 4166 1268 4263 fingimus
1295 4165 1455 4264 aliquod,

288 4282 383 4381 quod
411 4283 523 4356 uerbo
547 4309 755 4382 expressam
790 4283 966 4356 actionem
995 4282 1115 4355 faciat:
1150 4308 1195 4353 on
1224 4282 1277 4373 lit,
1299 4308 1383 4355 ona
1406 4283 1455 4353 lu.

288 4400 337 4470 lta
366 4398 400 4470 in
430 4399 497 4471 hac
523 4413 724 4472 structura:
757 4425 776 4469 a
796 4397 966 4471 Ferundo
980 4400 1114 4497 sructu
1140 4399 1256 4472 arbor
1277 4396 1457 4498 peribit»,

320 4673 343 4723 l.
369 4672 411 4722 (Ἀ.
441 4672 565 4722 PLATON.
587 4671 710 4731 Phddre,
740 4674 785 4724 245
808 4686 834 4723 ο.
862 4672 927 4723 tttt
946 4674 989 4722 καὶ
1013 4677 1064 4729 τοῖς
1087 4672 1170 4730 ἄλλοις
1195 4671 1244 4723 ὅσα
1264 4677 1366 4722 κινεῖται
1388 4674 1461 4721 τοῦτο

275 4748 357 4813 “tr-ptr
374 4750 417 4798 καὶ
437 4747 504 4814 ἀρχὴ
525 4747 658 4811 κινήσεως.
679 4747 739 4799 otta
761 4762 812 4812 par
839 4749 971 4799 anuauu
989 4754 1017 4798 et
1037 4748 1177 4803 Gortuae,
1205 4746 1338 4799 Gramm.
1361 4758 1458 4809 comp.

290 4825 360 4887 2575
377 4836 447 4873 rem.

321 4904 347 4955 t.
368 4904 570 4963 werstanum,
590 4903 612 4955 t.
634 4903 654 4955 t.
676 4917 705 4969 p.
721 4906 762 4957 93.
