3684 5576
429 512 450 572 2
914 519 1119 568 eaooumuu

395 774 398 783 ·
430 744 526 817 enim
557 743 709 816 formam
740 744 776 815 iu
804 743 913 816 -nrlns
935 743 1126 816 cudentur
1151 743 1293 815 Dosson
1322 742 1492 815 docuerat
1520 766 1598 814 esse

423 869 628 968 proesentis
648 868 1223 966 temporis,Weiswciler-suturo
1253 866 1467 956 uindicauit3
1489 891 1599 966 quam

430 992 489 1066 ille
519 992 664 1090 saepius
695 992 797 1065 initio
820 993 1027 1085 prassinum,
1058 993 1240 1065 interdum
1270 1006 1389 1065 tamen
1423 991 1598 1080 uotiuum,

428 1117 486 1189 hic
505 1142 691 1216 nunquam
712 1142 782 1190 non
800 1117 1010 1216 puccinum
1040 1143 1149 1216 quam
1178 1117 1334 1216 denique
1355 1116 1414 1189 ille
1433 1141 1602 1214 assump-

429 1241 516 1313 sisse
549 1241 719 1339 paulatim
754 1241 939 1314 notionem
977 1242 1214 1337 necessitatis,
1250 1241 1371 1341 offici,
1416 1255 1500 1330 cet,
1542 1240 1601 1312 hic

430 1366 594 1439 notinom
610 1366 777 1439 habuisse
789 1366 834 1437 ab
846 1366 946 1438 initio
957 1366 1152 1439 contendit.
1173 1366 1266 1439 Huic
1281 1366 1418 1438 assensi
1432 1379 1517 1438 sunt
1533 1364 1601 1438 uiri

430 1490 538 1580 docti,
568 1492 778 1589 praesertim
799 1491 911 1563 inster
935 1491 1148 1581 Germanos,
1178 1491 1361 1588 permulti,
1389 1491 1482 1563 inter
1509 1515 1600 1589 quos

430 1616 641 1688 nominandi
679 1615 846 1688 uidentur
877 1615 1122 1712 Brugmann¹
1153 1630 1188 1689 et
1226 1615 1446 1688 Detbruckt
1482 1616 1531 1686 At
1562 1613 1599 1684 iu

430 1739 559 1830 Gallia,
590 1740 709 1837 magis
737 1740 782 1812 ad
811 1740 955 1811 Dosson
986 1754 1022 1812 et
1049 1740 1166 1812 Havet
1196 1739 1342 1837 placita,
1373 1740 1441 1812 etsi
1467 1739 1601 1812 nonin

430 1862 612 1953 omnibuS,
630 1864 804 1936 accedunt
818 1864 867 1935 M.
887 1863 1014 1935 Brea!3
1032 1877 1068 1935 et
1083 1865 1125 1934 V.
1149 1863 1308 1962 Henry‘.
1324 1863 1488 1963 Denique
1507 1888 1601 1935 anno

429 1986 596 2085 proxime
629 1986 751 2085 elapso
787 1988 912 2085 (1900)
946 1988 1267 2060 commentationes
1296 1988 1341 2060 de
1368 1987 1536 2085 gerundii
1567 2000 1603 2060 et

430 2110 624 2208 gerundiui
638 2111 777 2208 origine
792 2125 827 2184 et
842 2136 909 2184 usu
920 2112 1146 2184 doctissimas
1160 2111 1389 2185 edideruntJ.
1405 2111 1604 2185 Lebreton⁵

431 2248 469 2337 et
483 2236 522 2306 P.
545 2234 735 2307 Perssonss.
758 2235 828 2327 Qui
845 2235 889 2308 de
912 2236 1018 2308 huius
1037 2235 1173 2308 formae
1194 2236 1458 2334 significatione
1480 2251 1515 2309 et
1536 2263 1601 2309 usn

433 2358 563 2456 partim
589 2361 745 2450 Dosson‚
768 2359 899 2457 partim
919 2359 1149 2434 Weisweiler
1168 2376 1381 2459 sequuntur.

481 2484 596 2582 Igitur
611 2484 704 2556 inter
723 2483 848 2557 doctos
867 2509 980 2582 pauca
1000 2499 1179 2576 constant,
1200 2501 1262 2559 aut
1279 2487 1310 2559 si
1328 2487 1415 2586 qnid
1433 2487 1603 2561 omnibus

433 2611 561 2708 placet,
589 2608 624 2681 id
651 2634 723 2680 non
752 2608 879 2681 eodem
906 2609 1015 2684 modo
1042 2624 1102 2683 aut
1129 2610 1229 2683 nullo
1254 2611 1361 2685 modo
1387 2611 1599 2710 explicatur.

433 2734 556 2833 ltaque
575 2730 877 2830 significationem
900 2734 1084 2831 passiuam
1114 2735 1210 2808 uela
1233 2735 1361 2833 priscis
1380 2736 1605 2835 temporibus

434 2857 677 2955 praeualuisse
703 2881 784 2929 cum
805 2856 970 2949 doceant,
993 2857 1125 2957 idque
1147 2858 1251 2932 modo
1276 2858 1409 2933 factum
1429 2860 1476 2933 sit
1497 2885 1604 2933 nemo

432 2980 506 3052 fere
524 2979 672 3052 euoluit.
699 2983 773 3053 lam
794 3007 879 3054 uero
901 2981 1050 3080 quidam
1088 2983 1124 3053 in
1151 2983 1284 3056 multas
1315 2983 1545 3059 difficultates
1570 2998 1606 3057 et

403 3116 405 3119 ’
433 3104 622 3201 angustias
647 3104 727 3177 ideo
748 3105 892 3179 adducti
924 3120 1021 3197 sunt,
1052 3107 1148 3206 quod
1168 3122 1229 3181 aut
1256 3134 1332 3207 quo
1351 3120 1471 3181 aetate
1489 3108 1603 3183 forma

434 3254 597 3328 quaeque
616 3242 651 3301 et
669 3254 797 3302 seusus
818 3230 1006 3327 uiguisset,
1034 3246 1095 3303 aut
1122 3258 1213 3330 qnae
1235 3247 1329 3306 esset
1361 3259 1445 3306 uera
1478 3234 1608 3308 Latini

427 3352 625 3452 purtictpii
654 3365 804 3443 notura,
829 3355 1003 3427 nonsatis
1027 3369 1161 3428 attente
1180 3370 1451 3455 repntauerunt.
1481 3359 1604 3458 ltaque

435 3478 521 3551 dum
574 3478 826 3576 coniungenda
871 3493 1058 3576 separant,
1110 3481 1310 3577 separanda
1359 3467 1603 3581 coniungunt,

435 3594 632 3665 recentiora
651 3594 685 3663 in
707 3593 880 3666 rationem
905 3595 1100 3686 adducunt,
1117 3598 1396 3693 totagerundiui
1415 3624 1456 3671 ac
1467 3625 1605 3696 gerun-

436 3717 486 3791 dii
511 3716 604 3790 ratio
630 3716 836 3815 perturbata
862 3732 917 3791 est
941 3732 976 3791 et
999 3718 1203 3793 obscurata.

486 3841 587 3933 Quae
604 3840 844 3914 consideranti
871 3842 960 3914 mihi
978 3844 1154 3918 succurrit
1181 3845 1251 3918 alia
1269 3861 1304 3919 et
1322 3872 1367 3920 ex
1387 3863 1487 3946 parte
1510 3875 1605 3922 noua

436 3966 543 4038 huius
558 3964 609 4037 rei
627 3964 899 4062 inuestigandae
915 3981 949 4038 et
968 3967 1215 4064 explanandae
1233 3971 1338 4061 ratio,
1367 3998 1452 4071 qna,
1474 3987 1514 4045 ut
1533 3999 1604 4046 nou

469 4264 492 4314 1.
513 4261 681 4314 Grundrtss
698 4262 751 4312 der
769 4262 828 4326 opt.
844 4261 981 4315 Gratum.
1002 4265 1038 4327 11,
1057 4279 1084 4329 p.
1100 4267 1181 4327 tt-tt.

467 4344 493 4393 2.
519 4341 749 4405 Verotetchende
763 4344 920 4405 syntax...
938 4355 967 4401 ιι,
985 4358 1014 4408 p.
1034 4346 1092 4396 489.

467 4425 493 4474 3.
514 4421 601 4473 Essat
616 4422 652 4473 de
668 4422 864 4487 semantiqur,
882 4438 912 4487 p.
933 4425 983 4485 503
1002 4428 1030 4475 et
1041 4423 1247 4477 Mamotrescte
1259 4426 1287 4478 ta
1301 4426 1414 4480 Socittc
1430 4429 1466 4481 de
1482 4430 1608 4496 linquis·

437 4503 518 4567 tique
531 4502 567 4553 cte
579 4499 676 4563 Paris,
693 4506 714 4551 t.
733 4513 791 4559 vui,
808 4515 834 4565 p.
850 4504 907 4554 307.

467 4582 493 4633 t.
513 4580 611 4633 Henna
628 4580 765 4645 critique,
779 4592 796 4639 1,
814 4595 844 4646 p.
860 4582 902 4633 ts.

468 4660 494 4708 5.
515 4658 673 4718 Lsunurou,
687 4656 708 4707 t.
727 4656 745 4706 t.

467 4739 493 4788 6.
515 4736 556 4788 De
587 4738 711 4800 ortqtne
734 4749 768 4787 ac
801 4735 833 4787 ni
861 4736 1045 4802 primipenta
1073 4740 1216 4803 peruncti
1247 4744 1274 4793 et
1300 4743 1465 4808 norandini
1503 4745 1604 4800 latini.

438 4817 554 4883 Upsala,
573 4818 643 4869 1900.
