3684 5576
673 546 717 590 DE
743 543 890 592 NOTIONE
915 541 1035 590 rurum
1399 538 1440 597 55

273 773 446 848 Goelzer¹
467 773 524 846 hic
541 773 745 871 gerundiuo
761 798 831 844 non
849 772 935 871 quid
958 772 1119 843 futurum
1138 785 1244 862 esset,
1266 772 1329 845 sed
1353 772 1440 871 quid

272 890 350 963 fieri
391 903 585 988 oporteret,
634 889 817 985 designari
846 888 915 983 (les
941 886 1111 986 satiques
1146 888 1237 986 qu’il
1261 888 1440 987 faudrait

273 1004 406 1080 bientdt
431 1006 657 1104 supporter).
677 1005 751 1075 Nec
775 1004 893 1102 magis
917 1029 1000 1076 uere
1026 1003 1147 1076 futuro
1177 1029 1284 1077 sensu
1313 1004 1442 1103 accipit

273 1147 365 1220 quae
385 1121 523 1193 Tullius
545 1120 604 1217 (de
632 1121 713 1219 Off
740 1120 836 1217 alp)
856 1119 971 1192 dicit:
999 1144 1018 1190 «
1041 1118 1104 1190 Sin
1126 1133 1230 1192 erunt
1250 1120 1438 1193 merita...

274 1238 387 1310 maior
410 1236 586 1335 quaedam
613 1262 697 1309 cura
722 1235 924 1308 adhibenda
948 1248 1002 1308 est
1021 1262 1062 1325 »ς
1085 1249 1120 1307 et
1138 1261 1229 1334 quae
1257 1236 1297 1307 T.
1317 1236 1441 1308 liuius

274 1381 348 1425 xxr.
362 1354 445 1451 34.7
467 1379 506 1424 :u
522 1352 617 1425 haud
632 1352 781 1425 dubium
801 1350 896 1441 lecit,
914 1350 1015 1450 quin,
1034 1350 1103 1423 nisi
1120 1350 1261 1423 firmata
1274 1352 1439 1441 luissent,

274 1470 404 1566 ingens
425 1468 461 1540 in
485 1493 527 1541 eo
551 1467 644 1540 saltu
668 1467 876 1565 accipienda
891 1466 1010 1540 clades
1026 1466 1143 1539 luerit.
1161 1494 1180 1539 >i
1199 1467 1385 1565 Nusquam
1403 1469 1441 1539 in

274 1585 344 1657 illis
366 1600 401 1657 et
420 1584 599 1657 similibus
623 1584 710 1656 locis
738 1582 940 1682 gerundiuo
967 1583 1054 1681 quid
1074 1581 1249 1675 futurum,
1273 1582 1335 1656 sed
1355 1583 1442 1684 quid

274 1700 513 1773 necessarium
535 1699 594 1788 sit,
617 1699 845 1797 exprimitur.

324 1827 448 1923 ltaque
466 1823 578 1897 futuri
597 1824 770 1922 temporis
785 1803 1014 1922 participium
1030 1849 1109 1896 esse
1126 1824 1384 1921 gerundiuum,
1403 1840 1442 1897 ut

274 1942 351 2014 iure
377 1940 605 2039 grammatici
631 1940 692 2039 qui
719 1965 791 2013 non
809 1956 891 2013 ante
914 1940 1059 2013 tertium
1079 1939 1294 2013 christianae
1316 1941 1441 2013 aetatis

275 2056 436 2131 seculum
457 2056 615 2148 luerunt,
640 2082 705 2156 pro
723 2082 788 2130 sua
813 2070 928 2129 aetate
951 2056 1094 2147 dicunt,
1124 2057 1172 2129 ita
1204 2070 1238 2129 et
1265 2056 1444 2155 antiquis·

275 2173 358 2245 simi
389 2186 428 2246 ut
445 2173 561 2246 Varro
590 2187 623 2245 et
642 2172 893 2260 recentissimi,
924 2186 964 2244 ut
982 2171 1006 2242 ii
1026 2196 1117 2270 quos
1135 2172 1242 2269 paulo
1262 2186 1344 2245 ante
1362 2172 1443 2245 lan-

275 2289 441 2362 dauimus
456 2344 466 2380 ,
492 2314 557 2387 pro
585 2288 754 2362 uniuersa
789 2288 905 2361 Latini
932 2287 1109 2381 sermonis
1140 2287 1340 2379 memoria,
1366 2288 1442 2362 iure

241 2448 245 2454 ·
278 2404 444 2502 negand.

325 2531 365 2602 C.
397 2574 443 2584 —
470 2529 540 2602 Sed
567 2529 677 2602 futuri
708 2529 891 2603 notionem
918 2544 1032 2602 ortam
1053 2554 1132 2601 esse
1158 2554 1202 2601 ex
1223 2529 1444 2602 necessitatis

277 2645 422 2718 notione
438 2670 529 2743 quae
547 2646 583 2717 in
603 2644 796 2744 propositis
816 2644 904 2718 locis
920 2658 1068 2743 apparet
1085 2670 1156 2718 non
1174 2670 1362 2742 negamus.
1382 2646 1445 2718 Est

276 2762 372 2834 enim
394 2761 486 2834 inter
505 2761 743 2834 necessariam
766 2786 842 2832 rem
870 2775 904 2833 et
932 2760 1087 2833 futuram
1115 2760 1233 2859 aliqua
1261 2761 1441 2857 cognatim

276 2876 381 2969 Quod
400 2877 496 2949 enirn
515 2890 656 2974 oportet
673 2876 748 2965 fiat,
770 2877 807 2950 id
822 2902 894 2950 non
914 2876 1020 2950 modo
1042 2876 1202 2949 nondum
1222 2876 1356 2948 factum
1375 2891 1441 2966 est,

276 2992 338 3065 sed
354 3019 398 3065 ne
412 2993 451 3066 fit
466 2993 630 3092 quidem3
655 2992 906 3075 ideoluturum
920 3006 1060 3065 tantum
1073 3006 1139 3065 est.
1160 2992 1284 3090 ltaque
1299 2992 1335 3063 in
1351 2992 1445 3065 eius·

276 3109 375 3182 modi
407 3108 568 3198 casibus,
597 3108 814 3205 gerundium
852 3122 947 3181 recte
980 3108 1077 3207 quod
1112 3108 1175 3180 fiat
1207 3122 1349 3206 oportet
1383 3122 1445 3180 aut

276 3250 422 3298 necesse
441 3238 508 3314 est,
529 3223 644 3297 obiter
667 3224 763 3323 quod
780 3224 940 3297 futurum
965 3238 1019 3296 est
1034 3223 1226 3320 significat.
1250 3224 1348 3297 Haec
1362 3249 1444 3296 cum

276 3341 324 3414 ita
343 3341 428 3431 sint,
458 3342 510 3412 M.
541 3339 634 3412 Tulli
649 3355 684 3412 et
715 3340 757 3411 Τ.
781 3339 859 3413 Liui
874 3340 1069 3413 sententias
1098 3366 1188 3439 quas
1213 3340 1442 3438 protulimuS,

276 3470 311 3529 et
344 3456 431 3529 alias
474 3457 526 3529 eis
570 3456 731 3548 similes,
778 3457 809 3529 si
854 3456 934 3555 quis
975 3455 1195 3549 considerat,
1243 3470 1278 3529 et
1318 3482 1444 3555 parum

276 3586 432 3646 attentus
469 3586 531 3644 aut
572 3598 700 3671 parurn
734 3573 881 3663 doctuS,
910 3572 1103 3670 gerundiui
1145 3572 1445 3670 significationem

277 3688 393 3786 magis
408 3714 452 3761 ex
473 3688 641 3762 uniuerso
666 3688 859 3761 uerborum
876 3702 1061 3780 contextu,
1082 3713 1190 3787 quam
1211 3714 1256 3761 ex
1275 3688 1312 3761 ui
1332 3688 1445 3787 ipsius

276 3802 413 3878 formae
427 3805 570 3902 repetit,
585 3805 617 3877 ei
632 3804 875 3902 gerundivum
888 3803 975 3875 nihil
988 3804 1106 3902 magis
1120 3804 1322 3902 exprimere
1337 3830 1446 3903 quam

276 3919 437 3993 futurum
453 3920 567 3993 uideri
587 3934 716 4018 potest.
734 3919 815 4011 Quo
835 3945 955 3993 errore
975 3919 1115 4018 decepti
1130 3945 1213 3993 cum
1234 3919 1306 3993 sint
1324 3920 1446 3993 erudi-

275 4035 405 4108 tissimi
426 4036 507 4126 uiri,
537 4035 706 4134 deceptos
735 4061 812 4109 esse
841 4061 968 4134 parum
988 4035 1180 4133 diligentes
1200 4036 1393 4134 scriptores
1412 4049 1447 4108 et

277 4151 410 4250 uulgus
442 4151 628 4224 indoctum
662 4152 742 4251 quis
770 4152 952 4225 miretur?
982 4154 1030 4223 Ea
1066 4152 1124 4224 uia
1159 4151 1292 4225 lactum
1323 4166 1377 4224 est
1407 4165 1447 4224 ut

278 4268 535 4366 gerundiuum,
564 4267 610 4340 ad
629 4268 906 4366 exprimendum
926 4268 1102 4356 futurum,
1140 4269 1237 4366 quod
1258 4267 1446 4341 uidebatur

276 4383 493 4482 exprimere,
515 4383 755 4457 adhiberetur.

308 4713 333 4764 1.
354 4712 485 4761 anuxuu
498 4716 526 4762 et
542 4713 681 4771 Gonnznn,
697 4711 832 4763 Gramm.
850 4723 948 4775 comp.
964 4723 992 4768 11,
1011 4712 1114 4763 fitlnr.

308 4793 333 4842 2.
355 4792 398 4842 Cl.
420 4793 552 4842 anuxnu
564 4797 592 4842 et
604 4790 744 4851 Gonnznn,
758 4792 898 4851 11‚631.1V.
913 4808 924 4837 ι(
938 4792 1013 4841 Dans
1029 4805 1118 4842 aucun
1134 4805 1191 4851 cas,
1205 4790 1339 4854 l'adjectil
1350 4792 1445 4843 verbal

277 4880 312 4919 en
325 4866 419 4919 -ηάιιε
432 4869 477 4919 n’a
488 4869 554 4919 cher
569 4868 610 4918 les
625 4868 696 4919 bons
709 4866 848 4918 ecrivains
865 4867 891 4918 le
904 4879 970 4917 rens
988 4868 1053 4919 d'un
1064 4867 1203 4932 participe
1218 4867 1294 4918 futur
1306 4868 1411 4932 passis.
1432 4886 1444 4914 υ
