3684 5576
595 1286 1048 1397 PROOEMIUM

288 1928 342 1999 De
361 1951 401 1998 ea
419 1925 566 1998 Latinae
582 1924 727 2021 linguae
746 1923 862 1997 forma
877 1949 969 2022 quae
989 1925 1024 1996 in
1039 1925 1153 1998 -ndus
1168 1925 1301 2000 desinit
1320 1926 1411 2001 duae

238 2051 396 2123 maxime
412 2049 642 2149 quaestiones
656 2048 795 2120 institui
811 2047 939 2133 solent,
957 2048 1092 2121 scilicet
1105 2075 1202 2148 quae
1216 2049 1290 2122 eius
1305 2050 1412 2150 oripo

227 2174 365 2274 suerit,
383 2198 480 2272 qrtue
498 2171 727 2272 sipnistcotr'o
745 2184 779 2245 et
799 2198 895 2244 usus.
920 2173 1080 2265 Quarum
1102 2199 1209 2245 unarn
1225 2173 1333 2266 hanc,
1353 2174 1413 2247 illa

238 2298 461 2373 doctioribus
480 2297 616 2385 relicta,
639 2296 675 2367 in
696 2297 764 2370 hoc
784 2296 904 2369 libello
926 2296 1058 2370 habero
1080 2298 1167 2368 mihi
1186 2299 1412 2396 propositum

240 2438 306 2497 est.
1149 2488 1153 2493 .

288 2549 341 2620 De
359 2545 586 2645 φθιιιιιάίιιο1
605 2560 725 2619 autern
744 2559 779 2618 et
798 2545 991 2644 perunctio,
1014 2560 1097 2619 ante
1117 2545 1183 2618 hos
1205 2545 1412 2644 quindecim

239 2697 354 2744 annos
364 2671 596 2768 disputarunt
612 2669 679 2744 uiri
695 2669 915 2744 doctissimi:
933 2694 1088 2768 quorum
1103 2670 1251 2743 nomina
1268 2669 1412 2768 singula

239 2793 529 2894 sententiasque²
547 2819 727 2885 enarrare,
743 2807 782 2866 ut
798 2819 914 2893 neque
928 2794 1154 2892 propositum
1170 2793 1257 2865 mihi
1276 2809 1331 2866 est
1345 2793 1414 2867 hoc

232 2918 317 2991 *loco
337 2944 453 3017 neque
480 2917 736 3007 necessarium,
766 2917 814 2990 ita
837 2918 873 2988 in
896 2943 985 3015 quas
1009 2918 1201 3016 praecipue
1227 2917 1413 2991 discedant

241 3057 373 3141 partes
402 3043 555 3140 pretium
583 3067 713 3139 operae
741 3041 809 3115 erit
833 3041 1003 3115 indicare.
1034 3042 1127 3114 Nam
1151 3043 1307 3133 Dosson‚
1329 3067 1412 3114 cuni

241 3168 466 3263 ann01887‚
496 3166 631 3240 dehac
665 3191 704 3239 re
730 3166 969 3264 scripsisset³‚
1005 3181 1117 3239 totam
1150 3166 1411 3264 quaestionem,

238 3306 367 3390 quarto
390 3305 471 3388 post
490 3316 598 3379 anno,
619 3289 851 3363 Weisweiler
869 3288 884 3333 ¹
899 3290 1119 3382 retractauit,
1140 3290 1413 3389 doctrinamque

239 3406 384 3480 tradidit
412 3406 521 3503 longe
545 3404 740 3496 diuersam,
762 3405 874 3479 irnmo
894 3430 1001 3503 saepe
1016 3404 1270 3479 contrariam⁵.
1294 3405 1411 3498 Quam

272 3694 296 3743 l.
316 3691 530 3744 Gerundt'uum
549 3693 577 3742 in
596 3693 647 3743 lioc
666 3692 762 3743 libello
779 3697 897 3744 uocatur
912 3693 941 3743 id
959 3692 1034 3756 quod
1055 3693 1146 3743 nostri
1163 3691 1292 3757 pluribus
1318 3691 1414 3743 uerbis

238 3767 364 3832 adjecti(
377 3767 476 3818 uerbai
494 3781 531 3820 en
545 3768 637 3820 -nrtue
654 3782 754 3819 uocare
772 3768 871 3826 solent,
886 3768 1071 3831 perenuium
1086 3772 1179 3819 autem
1196 3768 1225 3818 id
1238 3766 1311 3833 quod
1325 3771 1414 3818 nostri

239 3842 266 3894 te
277 3842 426 3908 perunctis,
440 3846 550 3894 ueteres
559 3846 650 3894 autern
664 3843 793 3906 peruncti
805 3842 922 3904 modus,
935 3842 1062 3894 uerbum
1071 3843 1211 3907 peruncti,
1222 3843 1413 3907 appellabant.

240 3918 292 3968 Hie
311 3917 457 3968 uocabulis
483 3918 594 3970 (luobus
619 3919 679 3968 iere
696 3918 796 3968 iisdem
823 3918 949 3969 eiusdem
970 3919 1076 3969 formae
1097 3932 1166 3969 usus
1188 3916 1291 3982 duplex
1312 3917 1414 3967 melius

240 3993 359 4043 tortaese
390 3993 584 4057 distinguitur.
612 3995 648 4045 ut
668 3993 877 4058 perendinum
897 4007 946 4044 cur
972 4006 1027 4042 non
1051 3994 1141 4056 possit
1164 3993 1220 4043 (lici
1245 4006 1308 4044 cum
1336 3991 1415 4042 indi·

238 4068 366 4126 catilius,
391 4068 592 4133 imperatione
621 4068 721 4118 modus
746 4067 864 4130 dicetur,
883 4081 939 4119 uon
960 4068 1098 4118 uidemus.
1123 4068 1210 4120 Usum
1229 4068 1317 4132 igitur
1340 4067 1415 4131 apud

240 4144 395 4194 Germanos
408 4147 552 4208 receptum
565 4143 701 4195 retinebo.

212 4290 214 4293 ,
271 4233 297 4283 2.
318 4232 416 4283 Omnia
433 4233 550 4296 collegit
571 4232 728 4283 Lebreton:
753 4230 910 4296 L'adjectit'
924 4232 1022 4284 uertat
1039 4245 1077 4282 en
1099 4232 1199 4289 nctus,
1226 4231 1314 4283 itudo
1334 4244 1416 4281 ntor-

237 4307 419 4372 puolopique
443 4312 470 4360 et
494 4308 693 4370 sumentique.
725 4307 845 4370 (Extrait
872 4308 921 4358 dee
944 4307 1104 4359 Memoirce
1127 4306 1163 4358 de
1187 4308 1215 4358 ta
1242 4306 1355 4358 Sociale
1381 4308 1417 4358 de

240 4383 487 4447 itnpuiatiquecte
505 4381 602 4440 Paria,
619 4388 641 4433 t.
660 4394 697 4439 xi,
716 4396 745 4446 p.
764 4382 891 4445 its-tet).

267 4473 292 4522 3.
311 4470 354 4521 De
364 4472 519 4535 participii
537 4470 702 4534 peruuditu'
713 4471 929 4534 antiquissima
943 4471 984 4529 ui.
1002 4472 1253 4536 imntutatataque
1265 4470 1415 4534 posteriue

240 4547 400 4598 ratione...
421 4547 509 4604 Paria,
527 4548 597 4598 1897.

271 4635 297 4686 t.
318 4633 376 4686 Dae
392 4635 567 4686 lateinisclre
584 4634 781 4699 participium
802 4633 900 4697 futuri
915 4631 1040 4699 passini,
1059 4636 1093 4685 in
1109 4637 1209 4686 aetner
1227 4632 1414 4699 Bedeutunp,

241 4709 306 4762 unci
322 4710 544 4773 suntoculi-nen
568 4710 789 4774 Verwenrtunp.
811 4710 1070 4769 Pederboru,189tl.

272 4798 298 4850 5.
317 4799 349 4850 V.
378 4799 499 4861 Bessos,
516 4799 637 4850 laudato
659 4798 768 4855 libello,
786 4812 817 4861 p.
840 4799 911 4850 tt-ta
927 4814 932 4858 ;
951 4812 1015 4863 cap.
1041 4812 1071 4861 u,
1095 4811 1159 4863 cap.
1184 4810 1222 4854 ur,
1244 4798 1348 4862 passim
1363 4815 1370 4859 ;
1388 4803 1416 4849 et

242 4875 445 4933 Wulswmuun,
466 4874 483 4926 t.
503 4875 524 4926 l.
545 4888 609 4938 cap.
625 4885 655 4931 11,
671 4886 735 4937 cap.
754 4885 794 4936 ur,
812 4873 930 4936 poesim.

1365 4990 1374 5030 1
1470 5007 1475 5017 .
