<?xml version="1.0" encoding="UTF-8"?>
<!DOCTYPE html PUBLIC "-//W3C//DTD XHTML 1.0 Transitional//EN"
    "http://www.w3.org/TR/xhtml1/DTD/xhtml1-transitional.dtd">
<html xmlns="http://www.w3.org/1999/xhtml" xml:lang="en" lang="en">
 <head>
  <title>
</title>
<meta http-equiv="Content-Type" content="text/html;charset=utf-8" />
  <meta name='ocr-system' content='tesseract 3.04.00' />
  <meta name='ocr-capabilities' content='ocr_page ocr_carea ocr_par ocr_line ocrx_word'/>
</head>
<body>
  <div class='ocr_page' id='page_1' title='image "./degerundivietge02bayagoog_0064.png"; bbox 0 0 921 1394; ppageno 0'>
   <div class='ocr_carea' id='block_1_1' title="bbox 218 120 710 143">
    <p class='ocr_par' dir='ltr' id='par_1_1' title="bbox 218 120 710 143">
     <span class='ocr_line' id='line_1_1' title="bbox 218 120 710 143; baseline 0 -3"><span class='ocrx_word' id='word_1_1' title='bbox 218 128 240 140; x_wconf 77' lang='lat' dir='ltr'>DE*</span> <span class='ocrx_word' id='word_1_2' title='bbox 252 128 327 140; x_wconf 68' lang='lat' dir='ltr'>nsslt&#39;ffl</span> <span class='ocrx_word' id='word_1_3' title='bbox 337 128 470 140; x_wconf 71' lang='lat' dir='ltr'>smmrlctrmms</span> <span class='ocrx_word' id='word_1_4' title='bbox 484 120 614 141; x_wconf 69' lang='lat' dir='ltr'>mOPAGAndNE</span> <span class='ocrx_word' id='word_1_5' title='bbox 690 128 710 143; x_wconf 76' lang='grc'>47</span> 
     </span>
    </p>
   </div>
   <div class='ocr_carea' id='block_1_2' title="bbox 133 156 710 159">
    <p class='ocr_par' dir='ltr' id='par_1_2' title="bbox 133 156 710 159">
     <span class='ocr_line' id='line_1_2' title="bbox 133 156 710 159; baseline 0 0"><span class='ocrx_word' id='word_1_6' title='bbox 133 156 710 159; x_wconf 95' lang='lat' dir='ltr'> </span> 
     </span>
    </p>
   </div>
   <div class='ocr_carea' id='block_1_3' title="bbox 101 184 712 1108">
    <p class='ocr_par' dir='ltr' id='par_1_3' title="bbox 120 184 712 383">
     <span class='ocr_line' id='line_1_3' title="bbox 125 184 711 209; baseline 0.002 -7"><span class='ocrx_word' id='word_1_7' title='bbox 125 190 180 208; x_wconf 83' lang='lat' dir='ltr'>supra</span> <span class='ocrx_word' id='word_1_8' title='bbox 193 184 303 206; x_wconf 85' lang='lat' dir='ltr'>monuimus,</span> <span class='ocrx_word' id='word_1_9' title='bbox 319 191 362 202; x_wconf 85' lang='lat' dir='ltr'>usus</span> <span class='ocrx_word' id='word_1_10' title='bbox 375 184 420 203; x_wconf 84' lang='lat' dir='ltr'>alius</span> <span class='ocrx_word' id='word_1_11' title='bbox 430 184 546 203; x_wconf 78' lang='lat' dir='ltr'>attributiuus</span> <span class='ocrx_word' id='word_1_12' title='bbox 559 184 617 209; x_wconf 79' lang='lat' dir='ltr'>(hand</span> <span class='ocrx_word' id='word_1_13' title='bbox 625 185 711 203; x_wconf 80' lang='lat' dir='ltr'>miranda</span> 
     </span>
     <span class='ocr_line' id='line_1_4' title="bbox 120 213 710 238; baseline 0.002 -7"><span class='ocrx_word' id='word_1_14' title='bbox 120 213 191 238; x_wconf 80' lang='lat' dir='ltr'>faeta),</span> <span class='ocrx_word' id='word_1_15' title='bbox 204 213 250 231; x_wconf 87' lang='lat' dir='ltr'>alius</span> <span class='ocrx_word' id='word_1_16' title='bbox 264 213 397 238; x_wconf 79' lang='lat' dir='ltr'>praedicatjuus</span> <span class='ocrx_word' id='word_1_17' title='bbox 410 213 494 238; x_wconf 65' lang='lat' dir='ltr'>(scyphos</span> <span class='ocrx_word' id='word_1_18' title='bbox 510 220 555 238; x_wconf 79' lang='lat' dir='ltr'>quos</span> <span class='ocrx_word' id='word_1_19' title='bbox 571 214 645 232; x_wconf 73' lang='lat' dir='ltr'>utendos</span> <span class='ocrx_word' id='word_1_20' title='bbox 654 214 710 238; x_wconf 77' lang='lat' dir='ltr'>dedi),</span> 
     </span>
     <span class='ocr_line' id='line_1_5' title="bbox 125 242 712 267; baseline 0.002 -7"><span class='ocrx_word' id='word_1_21' title='bbox 125 242 171 260; x_wconf 82' lang='lat' dir='ltr'>alius</span> <span class='ocrx_word' id='word_1_22' title='bbox 179 242 256 267; x_wconf 84' lang='lat' dir='ltr'>denique</span> <span class='ocrx_word' id='word_1_23' title='bbox 265 249 319 267; x_wconf 83' lang='lat' dir='ltr'>quern</span> <span class='ocrx_word' id='word_1_24' title='bbox 326 242 483 267; x_wconf 69' lang='lat' dir='ltr'>periphrasticum</span> <span class='ocrx_word' id='word_1_25' title='bbox 493 243 555 261; x_wconf 77' lang='lat' dir='ltr'>dicunt</span> <span class='ocrx_word' id='word_1_26' title='bbox 565 242 619 266; x_wconf 69' lang='lat' dir='ltr'>(liber-</span> <span class='ocrx_word' id='word_1_27' title='bbox 626 243 712 267; x_wconf 75' lang='lat' dir='ltr'>leyendus</span> 
     </span>
     <span class='ocr_line' id='line_1_6' title="bbox 125 271 711 296; baseline 0.002 -7"><span class='ocrx_word' id='word_1_28' title='bbox 125 274 172 294; x_wconf 64' lang='lat' dir='ltr'>exij:</span> <span class='ocrx_word' id='word_1_29' title='bbox 187 275 212 294; x_wconf 83' lang='lat' dir='ltr'>at,</span> <span class='ocrx_word' id='word_1_30' title='bbox 226 271 244 289; x_wconf 84' lang='lat' dir='ltr'>in</span> <span class='ocrx_word' id='word_1_31' title='bbox 258 271 323 296; x_wconf 87' lang='lat' dir='ltr'>quouis</span> <span class='ocrx_word' id='word_1_32' title='bbox 333 278 374 294; x_wconf 84' lang='lat' dir='ltr'>usu,</span> <span class='ocrx_word' id='word_1_33' title='bbox 386 271 508 296; x_wconf 74' lang='lat' dir='ltr'>gerundiuum</span> <span class='ocrx_word' id='word_1_34' title='bbox 523 271 556 290; x_wconf 90' lang='lat' dir='ltr'>hoc</span> <span class='ocrx_word' id='word_1_35' title='bbox 571 272 644 296; x_wconf 80' lang='lat' dir='ltr'>passiuo</span> <span class='ocrx_word' id='word_1_36' title='bbox 656 278 711 290; x_wconf 81' lang='lat' dir='ltr'>sensu</span> 
     </span>
     <span class='ocr_line' id='line_1_7' title="bbox 125 300 711 325; baseline 0.002 -7"><span class='ocrx_word' id='word_1_37' title='bbox 125 300 206 318; x_wconf 83' lang='lat' dir='ltr'>adhiberi</span> <span class='ocrx_word' id='word_1_38' title='bbox 219 307 272 318; x_wconf 91' lang='lat' dir='ltr'>nemo</span> <span class='ocrx_word' id='word_1_39' title='bbox 283 306 318 318; x_wconf 91' lang='lat' dir='ltr'>non</span> <span class='ocrx_word' id='word_1_40' title='bbox 331 300 424 325; x_wconf 67' lang='lat' dir='ltr'>intellegit.</span> <span class='ocrx_word' id='word_1_41' title='bbox 439 300 496 325; x_wconf 77' lang='lat' dir='ltr'>igitur</span> <span class='ocrx_word' id='word_1_42' title='bbox 507 300 523 319; x_wconf 88' lang='lat' dir='ltr'>ei</span> <span class='ocrx_word' id='word_1_43' title='bbox 534 300 620 325; x_wconf 85' lang='lat' dir='ltr'>paulatim</span> <span class='ocrx_word' id='word_1_44' title='bbox 633 301 711 319; x_wconf 84' lang='lat' dir='ltr'>accreuit</span> 
     </span>
     <span class='ocr_line' id='line_1_8' title="bbox 125 329 712 354; baseline 0.002 -7"><span class='ocrx_word' id='word_1_45' title='bbox 125 329 144 347; x_wconf 87' lang='lat' dir='ltr'>in</span> <span class='ocrx_word' id='word_1_46' title='bbox 155 329 220 347; x_wconf 85' lang='lat' dir='ltr'>animis</span> <span class='ocrx_word' id='word_1_47' title='bbox 235 329 284 348; x_wconf 89' lang='lat' dir='ltr'>notio</span> <span class='ocrx_word' id='word_1_48' title='bbox 295 329 373 354; x_wconf 81' lang='lat' dir='ltr'>passiua,</span> <span class='ocrx_word' id='word_1_49' title='bbox 385 330 409 347; x_wconf 71' lang='lat' dir='ltr'>im</span> <span class='ocrx_word' id='word_1_50' title='bbox 419 333 438 348; x_wconf 88' lang='lat' dir='ltr'>ut</span> <span class='ocrx_word' id='word_1_51' title='bbox 450 329 489 348; x_wconf 84' lang='lat' dir='ltr'>eius</span> <span class='ocrx_word' id='word_1_52' title='bbox 501 329 574 354; x_wconf 80' lang='lat' dir='ltr'>propria</span> <span class='ocrx_word' id='word_1_53' title='bbox 584 336 630 353; x_wconf 81' lang='lat' dir='ltr'>esse,</span> <span class='ocrx_word' id='word_1_54' title='bbox 644 336 677 349; x_wconf 86' lang='lat' dir='ltr'>nec</span> <span class='ocrx_word' id='word_1_55' title='bbox 689 330 712 348; x_wconf 86' lang='lat' dir='ltr'>ab</span> 
     </span>
     <span class='ocr_line' id='line_1_9' title="bbox 125 359 407 383; baseline 0.004 -7"><span class='ocrx_word' id='word_1_56' title='bbox 125 364 147 376; x_wconf 87' lang='lat' dir='ltr'>eo</span> <span class='ocrx_word' id='word_1_57' title='bbox 158 359 238 383; x_wconf 78' lang='lat' dir='ltr'>separari</span> <span class='ocrx_word' id='word_1_58' title='bbox 249 365 302 383; x_wconf 87' lang='lat' dir='ltr'>posse</span> <span class='ocrx_word' id='word_1_59' title='bbox 310 359 407 377; x_wconf 87' lang='lat' dir='ltr'>uideretur.</span> 
     </span>
    </p>

    <p class='ocr_par' dir='ltr' id='par_1_4' title="bbox 124 387 712 934">
     <span class='ocr_line' id='line_1_10' title="bbox 150 387 711 412; baseline 0.002 -7"><span class='ocrx_word' id='word_1_60' title='bbox 150 387 167 411; x_wconf 79' lang='lat' dir='ltr'>b)</span> <span class='ocrx_word' id='word_1_61' title='bbox 175 388 206 406; x_wconf 83' lang='lat' dir='ltr'>Est</span> <span class='ocrx_word' id='word_1_62' title='bbox 213 387 267 410; x_wconf 80' lang='lat' dir='ltr'>etjam</span> <span class='ocrx_word' id='word_1_63' title='bbox 275 387 330 406; x_wconf 82' lang='lat' dir='ltr'>altera</span> <span class='ocrx_word' id='word_1_64' title='bbox 338 394 398 410; x_wconf 79' lang='lat' dir='ltr'>eausa,</span> <span class='ocrx_word' id='word_1_65' title='bbox 406 387 453 406; x_wconf 80' lang='lat' dir='ltr'>unde</span> <span class='ocrx_word' id='word_1_66' title='bbox 461 387 528 406; x_wconf 73' lang='lat' dir='ltr'>factum</span> <span class='ocrx_word' id='word_1_67' title='bbox 540 391 566 406; x_wconf 86' lang='lat' dir='ltr'>est</span> <span class='ocrx_word' id='word_1_68' title='bbox 578 391 597 406; x_wconf 88' lang='lat' dir='ltr'>ut</span> <span class='ocrx_word' id='word_1_69' title='bbox 608 388 711 412; x_wconf 77' lang='lat' dir='ltr'>gerandino</span> 
     </span>
     <span class='ocr_line' id='line_1_11' title="bbox 126 416 711 442; baseline 0.002 -8"><span class='ocrx_word' id='word_1_70' title='bbox 126 416 153 434; x_wconf 87' lang='lat' dir='ltr'>uis</span> <span class='ocrx_word' id='word_1_71' title='bbox 164 416 236 441; x_wconf 61' lang='lat' dir='ltr'>passius</span> <span class='ocrx_word' id='word_1_72' title='bbox 247 416 384 435; x_wconf 56' lang='lat' dir='ltr'>inhaerescunt,</span> <span class='ocrx_word' id='word_1_73' title='bbox 396 417 445 435; x_wconf 76' lang='lat' dir='ltr'>Haeo</span> <span class='ocrx_word' id='word_1_74' title='bbox 452 420 512 435; x_wconf 86' lang='lat' dir='ltr'>autem</span> <span class='ocrx_word' id='word_1_75' title='bbox 521 423 554 435; x_wconf 92' lang='lat' dir='ltr'>usu</span> <span class='ocrx_word' id='word_1_76' title='bbox 564 417 643 442; x_wconf 80' lang='lat' dir='ltr'>quodam</span> <span class='ocrx_word' id='word_1_77' title='bbox 654 417 711 435; x_wconf 85' lang='lat' dir='ltr'>Latini</span> 
     </span>
     <span class='ocr_line' id='line_1_12' title="bbox 125 445 711 470; baseline 0.002 -7"><span class='ocrx_word' id='word_1_78' title='bbox 125 445 213 464; x_wconf 77' lang='lat' dir='ltr'>sermonis</span> <span class='ocrx_word' id='word_1_79' title='bbox 225 446 298 470; x_wconf 84' lang='lat' dir='ltr'>proprio</span> <span class='ocrx_word' id='word_1_80' title='bbox 310 446 411 464; x_wconf 76' lang='lat' dir='ltr'>continetur</span> <span class='ocrx_word' id='word_1_81' title='bbox 427 452 431 464; x_wconf 79' lang='lat' dir='ltr'><em>z</em></span> <span class='ocrx_word' id='word_1_82' title='bbox 444 452 497 470; x_wconf 84' lang='lat' dir='ltr'>quem</span> <span class='ocrx_word' id='word_1_83' title='bbox 510 452 562 464; x_wconf 87' lang='lat' dir='ltr'>usum</span> <span class='ocrx_word' id='word_1_84' title='bbox 574 446 659 464; x_wconf 83' lang='lat' dir='ltr'>Dosson¹</span> <span class='ocrx_word' id='word_1_85' title='bbox 670 452 711 464; x_wconf 83' lang='lat' dir='ltr'>num</span> 
     </span>
     <span class='ocr_line' id='line_1_13' title="bbox 125 474 711 499; baseline 0.002 -7"><span class='ocrx_word' id='word_1_86' title='bbox 125 474 147 493; x_wconf 94' lang='lat' dir='ltr'>ad</span> <span class='ocrx_word' id='word_1_87' title='bbox 169 474 217 493; x_wconf 86' lang='lat' dir='ltr'>aliud</span> <span class='ocrx_word' id='word_1_88' title='bbox 237 474 350 499; x_wconf 79' lang='lat' dir='ltr'>probandum</span> <span class='ocrx_word' id='word_1_89' title='bbox 370 474 513 499; x_wconf 74' lang='lat' dir='ltr'>designauisset‚</span> <span class='ocrx_word' id='word_1_90' title='bbox 531 475 620 493; x_wconf 88' lang='lat' dir='ltr'>Lebreton</span> <span class='ocrx_word' id='word_1_91' title='bbox 630 475 638 485; x_wconf 53' lang='grc' dir='ltr'>Β</span> <span class='ocrx_word' id='word_1_92' title='bbox 653 475 675 493; x_wconf 89' lang='lat' dir='ltr'>ad</span> <span class='ocrx_word' id='word_1_93' title='bbox 694 475 711 494; x_wconf 87' lang='lat' dir='ltr'>id</span> 
     </span>
     <span class='ocr_line' id='line_1_14' title="bbox 125 503 712 528; baseline 0.002 -7"><span class='ocrx_word' id='word_1_94' title='bbox 125 503 252 528; x_wconf 81' lang='lat' dir='ltr'>explicandum</span> <span class='ocrx_word' id='word_1_95' title='bbox 261 504 283 522; x_wconf 83' lang='lat' dir='ltr'>de</span> <span class='ocrx_word' id='word_1_96' title='bbox 292 510 328 528; x_wconf 90' lang='lat' dir='ltr'>quo</span> <span class='ocrx_word' id='word_1_97' title='bbox 336 504 457 528; x_wconf 70' lang='lat' dir='ltr'>dispummus,</span> <span class='ocrx_word' id='word_1_98' title='bbox 467 504 560 528; x_wconf 79' lang='lat' dir='ltr'>aptissime</span> <span class='ocrx_word' id='word_1_99' title='bbox 566 504 654 522; x_wconf 79' lang='lat' dir='ltr'>adhibuit.</span> <span class='ocrx_word' id='word_1_100' title='bbox 665 504 712 522; x_wconf 88' lang='lat' dir='ltr'>Nam</span> 
     </span>
     <span class='ocr_line' id='line_1_15' title="bbox 126 532 712 555; baseline 0.002 -5"><span class='ocrx_word' id='word_1_101' title='bbox 126 532 204 555; x_wconf 78' lang='lat' dir='ltr'>Dossun,</span> <span class='ocrx_word' id='word_1_102' title='bbox 212 539 254 551; x_wconf 83' lang='lat' dir='ltr'>cum</span> <span class='ocrx_word' id='word_1_103' title='bbox 262 533 386 551; x_wconf 76' lang='lat' dir='ltr'>admonuisset</span> <span class='ocrx_word' id='word_1_104' title='bbox 394 539 404 550; x_wconf 83' lang='lat'>«</span> <span class='ocrx_word' id='word_1_105' title='bbox 412 532 496 551; x_wconf 74' lang='lat' dir='ltr'>facultate</span> <span class='ocrx_word' id='word_1_106' title='bbox 503 533 564 551; x_wconf 82' lang='lat' dir='ltr'>animo</span> <span class='ocrx_word' id='word_1_107' title='bbox 572 533 641 551; x_wconf 71' lang='lat' dir='ltr'>infinita</span> <span class='ocrx_word' id='word_1_108' title='bbox 650 533 712 551; x_wconf 86' lang='lat' dir='ltr'>conci-</span> 
     </span>
     <span class='ocr_line' id='line_1_16' title="bbox 126 561 711 587; baseline 0.002 -8"><span class='ocrx_word' id='word_1_109' title='bbox 126 561 187 586; x_wconf 85' lang='lat' dir='ltr'>piendi</span> <span class='ocrx_word' id='word_1_110' title='bbox 196 562 221 580; x_wconf 82' lang='lat' dir='ltr'>ita</span> <span class='ocrx_word' id='word_1_111' title='bbox 231 568 291 580; x_wconf 82' lang='lat' dir='ltr'>carere</span> <span class='ocrx_word' id='word_1_112' title='bbox 300 562 387 586; x_wconf 85' lang='lat' dir='ltr'>quosdam</span> <span class='ocrx_word' id='word_1_113' title='bbox 396 562 473 586; x_wconf 87' lang='lat' dir='ltr'>populos</span> <span class='ocrx_word' id='word_1_114' title='bbox 484 565 503 580; x_wconf 90' lang='lat' dir='ltr'>ut</span> <span class='ocrx_word' id='word_1_115' title='bbox 512 562 556 580; x_wconf 81' lang='lat' dir='ltr'>nihil</span> <span class='ocrx_word' id='word_1_116' title='bbox 566 562 671 587; x_wconf 78' lang='lat' dir='ltr'>intellegere</span> <span class='ocrx_word' id='word_1_117' title='bbox 683 562 711 580; x_wconf 89' lang='lat' dir='ltr'>uel</span> 
     </span>
     <span class='ocr_line' id='line_1_17' title="bbox 127 590 712 615; baseline 0.002 -7"><span class='ocrx_word' id='word_1_118' title='bbox 127 590 227 615; x_wconf 84' lang='lat' dir='ltr'>exprimere</span> <span class='ocrx_word' id='word_1_119' title='bbox 238 594 318 615; x_wconf 79' lang='lat' dir='ltr'>possent,</span> <span class='ocrx_word' id='word_1_120' title='bbox 331 591 365 608; x_wconf 91' lang='lat' dir='ltr'>nisi</span> <span class='ocrx_word' id='word_1_121' title='bbox 373 591 422 615; x_wconf 88' lang='lat' dir='ltr'>quod</span> <span class='ocrx_word' id='word_1_122' title='bbox 431 594 478 609; x_wconf 83' lang='lat' dir='ltr'>esset</span> <span class='ocrx_word' id='word_1_123' title='bbox 488 591 569 615; x_wconf 86' lang='lat' dir='ltr'>personis</span> <span class='ocrx_word' id='word_1_124' title='bbox 574 591 627 609; x_wconf 81' lang='lat' dir='ltr'>certis</span> <span class='ocrx_word' id='word_1_125' title='bbox 635 595 652 609; x_wconf 78' lang='lat' dir='ltr'>et</span> <span class='ocrx_word' id='word_1_126' title='bbox 658 591 712 610; x_wconf 85' lang='lat' dir='ltr'>rebus</span> 
     </span>
     <span class='ocr_line' id='line_1_18' title="bbox 125 619 711 645; baseline 0.002 -8"><span class='ocrx_word' id='word_1_127' title='bbox 125 619 219 638; x_wconf 78' lang='lat' dir='ltr'>definitum</span> <span class='ocrx_word' id='word_1_128' title='bbox 233 626 251 642; x_wconf 80' lang='grc'>»,</span> <span class='ocrx_word' id='word_1_129' title='bbox 269 620 313 638; x_wconf 86' lang='lat' dir='ltr'>haec</span> <span class='ocrx_word' id='word_1_130' title='bbox 329 619 424 638; x_wconf 74' lang='lat' dir='ltr'>addidit’:</span> <span class='ocrx_word' id='word_1_131' title='bbox 443 626 453 637; x_wconf 70' lang='grc' dir='ltr'>α</span> <span class='ocrx_word' id='word_1_132' title='bbox 469 620 507 638; x_wconf 85' lang='lat' dir='ltr'>Hae</span> <span class='ocrx_word' id='word_1_133' title='bbox 523 619 607 638; x_wconf 72' lang='lat' dir='ltr'>facultate</span> <span class='ocrx_word' id='word_1_134' title='bbox 618 626 711 645; x_wconf 84' lang='lat' dir='ltr'>nunquam</span> 
     </span>
     <span class='ocr_line' id='line_1_19' title="bbox 126 648 711 673; baseline 0.002 -7"><span class='ocrx_word' id='word_1_135' title='bbox 126 648 200 667; x_wconf 86' lang='lat' dir='ltr'>omnino</span> <span class='ocrx_word' id='word_1_136' title='bbox 215 652 312 667; x_wconf 85' lang='lat' dir='ltr'>caruerunt</span> <span class='ocrx_word' id='word_1_137' title='bbox 326 649 394 673; x_wconf 81' lang='lat' dir='ltr'>Aryani</span> <span class='ocrx_word' id='word_1_138' title='bbox 411 648 482 673; x_wconf 86' lang='lat' dir='ltr'>populi;</span> <span class='ocrx_word' id='word_1_139' title='bbox 496 655 535 667; x_wconf 82' lang='lat' dir='ltr'>eam</span> <span class='ocrx_word' id='word_1_140' title='bbox 552 653 611 667; x_wconf 78' lang='lat' dir='ltr'>tamen</span> <span class='ocrx_word' id='word_1_141' title='bbox 626 655 662 667; x_wconf 90' lang='lat' dir='ltr'>non</span> <span class='ocrx_word' id='word_1_142' title='bbox 676 649 711 667; x_wconf 88' lang='lat' dir='ltr'>nisi</span> 
     </span>
     <span class='ocr_line' id='line_1_20' title="bbox 125 677 710 702; baseline 0.002 -7"><span class='ocrx_word' id='word_1_143' title='bbox 125 677 207 702; x_wconf 79' lang='lat' dir='ltr'>angustis</span> <span class='ocrx_word' id='word_1_144' title='bbox 217 677 372 702; x_wconf 79' lang='lat' dir='ltr'>circumscriptam</span> <span class='ocrx_word' id='word_1_145' title='bbox 384 677 466 696; x_wconf 79' lang='lat' dir='ltr'>terminis</span> <span class='ocrx_word' id='word_1_146' title='bbox 478 677 584 696; x_wconf 86' lang='lat' dir='ltr'>habueruut.</span> <span class='ocrx_word' id='word_1_147' title='bbox 597 678 647 701; x_wconf 76' lang='lat' dir='ltr'>Quae</span> <span class='ocrx_word' id='word_1_148' title='bbox 661 678 710 696; x_wconf 89' lang='lat' dir='ltr'>enim</span> 
     </span>
     <span class='ocr_line' id='line_1_21' title="bbox 126 706 711 731; baseline 0 -6"><span class='ocrx_word' id='word_1_149' title='bbox 126 707 180 725; x_wconf 82' lang='lat' dir='ltr'>uerba</span> <span class='ocrx_word' id='word_1_150' title='bbox 195 707 280 725; x_wconf 76' lang='lat' dir='ltr'>dicuntur</span> <span class='ocrx_word' id='word_1_151' title='bbox 293 706 389 729; x_wconf 82' lang='lat' dir='ltr'>abstracta,</span> <span class='ocrx_word' id='word_1_152' title='bbox 404 713 445 725; x_wconf 86' lang='lat' dir='ltr'>raro</span> <span class='ocrx_word' id='word_1_153' title='bbox 458 713 469 725; x_wconf 84' lang='lat' dir='ltr'>a</span> <span class='ocrx_word' id='word_1_154' title='bbox 483 707 536 731; x_wconf 79' lang='lat' dir='ltr'>plebe</span> <span class='ocrx_word' id='word_1_155' title='bbox 549 707 639 730; x_wconf 84' lang='lat' dir='ltr'>Romana,</span> <span class='ocrx_word' id='word_1_156' title='bbox 654 710 673 725; x_wconf 89' lang='lat' dir='ltr'>ut</span> <span class='ocrx_word' id='word_1_157' title='bbox 688 714 711 725; x_wconf 88' lang='lat' dir='ltr'>ex</span> 
     </span>
     <span class='ocr_line' id='line_1_22' title="bbox 126 735 711 760; baseline 0 -6"><span class='ocrx_word' id='word_1_158' title='bbox 126 735 214 754; x_wconf 76' lang='lat' dir='ltr'>Plautinis</span> <span class='ocrx_word' id='word_1_159' title='bbox 223 736 289 754; x_wconf 85' lang='lat' dir='ltr'>fabulis</span> <span class='ocrx_word' id='word_1_160' title='bbox 299 736 383 760; x_wconf 81' lang='lat' dir='ltr'>colligere</span> <span class='ocrx_word' id='word_1_161' title='bbox 392 736 440 758; x_wconf 82' lang='lat' dir='ltr'>licet,</span> <span class='ocrx_word' id='word_1_162' title='bbox 453 736 525 759; x_wconf 81' lang='lat' dir='ltr'>usitata,</span> <span class='ocrx_word' id='word_1_163' title='bbox 536 736 628 754; x_wconf 79' lang='lat' dir='ltr'>Ciceronis</span> <span class='ocrx_word' id='word_1_164' title='bbox 637 736 711 755; x_wconf 78' lang='lat' dir='ltr'>demum</span> 
     </span>
     <span class='ocr_line' id='line_1_23' title="bbox 125 764 711 790; baseline 0 -7"><span class='ocrx_word' id='word_1_165' title='bbox 125 764 237 789; x_wconf 82' lang='lat' dir='ltr'>temporibus</span> <span class='ocrx_word' id='word_1_166' title='bbox 247 765 265 783; x_wconf 87' lang='lat' dir='ltr'>in</span> <span class='ocrx_word' id='word_1_167' title='bbox 275 765 356 789; x_wconf 77' lang='lat' dir='ltr'>linguam</span> <span class='ocrx_word' id='word_1_168' title='bbox 367 765 440 783; x_wconf 87' lang='lat' dir='ltr'>latinam</span> <span class='ocrx_word' id='word_1_169' title='bbox 448 765 500 790; x_wconf 87' lang='lat' dir='ltr'>quasi</span> <span class='ocrx_word' id='word_1_170' title='bbox 508 771 541 790; x_wconf 88' lang='lat' dir='ltr'>pro</span> <span class='ocrx_word' id='word_1_171' title='bbox 548 765 607 783; x_wconf 84' lang='lat' dir='ltr'>alieno</span> <span class='ocrx_word' id='word_1_172' title='bbox 617 765 656 783; x_wconf 80' lang='lat' dir='ltr'>iure</span> <span class='ocrx_word' id='word_1_173' title='bbox 663 765 711 783; x_wconf 86' lang='lat' dir='ltr'>irru—</span> 
     </span>
     <span class='ocr_line' id='line_1_24' title="bbox 125 794 711 819; baseline 0 -7"><span class='ocrx_word' id='word_1_174' title='bbox 125 797 196 818; x_wconf 87' lang='lat' dir='ltr'>perunt.</span> <span class='ocrx_word' id='word_1_175' title='bbox 208 794 281 818; x_wconf 75' lang='lat' dir='ltr'>inopiae</span> <span class='ocrx_word' id='word_1_176' title='bbox 289 794 313 812; x_wconf 89' lang='lat' dir='ltr'>illi</span> <span class='ocrx_word' id='word_1_177' title='bbox 325 800 360 819; x_wconf 82' lang='lat' dir='ltr'>qua</span> <span class='ocrx_word' id='word_1_178' title='bbox 370 794 443 812; x_wconf 87' lang='lat' dir='ltr'>Latinus</span> <span class='ocrx_word' id='word_1_179' title='bbox 452 800 511 812; x_wconf 90' lang='lat' dir='ltr'>sermo</span> <span class='ocrx_word' id='word_1_180' title='bbox 520 794 620 816; x_wconf 78' lang='lat' dir='ltr'>laborabat,</span> <span class='ocrx_word' id='word_1_181' title='bbox 630 794 711 819; x_wconf 87' lang='lat' dir='ltr'>pluribus</span> 
     </span>
     <span class='ocr_line' id='line_1_25' title="bbox 124 823 711 842; baseline 0 -1"><span class='ocrx_word' id='word_1_182' title='bbox 124 823 182 841; x_wconf 83' lang='lat' dir='ltr'>modis</span> <span class='ocrx_word' id='word_1_183' title='bbox 192 829 296 841; x_wconf 68' lang='lat' dir='ltr'>succurrere</span> <span class='ocrx_word' id='word_1_184' title='bbox 306 823 384 841; x_wconf 77' lang='lat' dir='ltr'>Romani</span> <span class='ocrx_word' id='word_1_185' title='bbox 394 823 453 841; x_wconf 84' lang='lat' dir='ltr'>conati</span> <span class='ocrx_word' id='word_1_186' title='bbox 463 827 527 841; x_wconf 76' lang='lat' dir='ltr'>suut...</span> <span class='ocrx_word' id='word_1_187' title='bbox 541 823 586 841; x_wconf 89' lang='lat' dir='ltr'>lllud</span> <span class='ocrx_word' id='word_1_188' title='bbox 597 829 639 841; x_wconf 89' lang='lat' dir='ltr'>uero</span> <span class='ocrx_word' id='word_1_189' title='bbox 651 823 711 842; x_wconf 89' lang='lat' dir='ltr'>minus</span> 
     </span>
     <span class='ocr_line' id='line_1_26' title="bbox 125 852 711 877; baseline 0 -7"><span class='ocrx_word' id='word_1_190' title='bbox 125 852 226 876; x_wconf 78' lang='lat' dir='ltr'>uulgatum,</span> <span class='ocrx_word' id='word_1_191' title='bbox 238 852 353 876; x_wconf 82' lang='lat' dir='ltr'>participium</span> <span class='ocrx_word' id='word_1_192' title='bbox 364 852 485 876; x_wconf 80' lang='lat' dir='ltr'>gerundiuum</span> <span class='ocrx_word' id='word_1_193' title='bbox 494 858 565 877; x_wconf 80' lang='lat' dir='ltr'>quoque</span> <span class='ocrx_word' id='word_1_194' title='bbox 575 859 616 870; x_wconf 85' lang='lat' dir='ltr'>cum</span> <span class='ocrx_word' id='word_1_195' title='bbox 624 852 711 870; x_wconf 83' lang='lat' dir='ltr'>substan-</span> 
     </span>
     <span class='ocr_line' id='line_1_27' title="bbox 124 880 711 905; baseline 0 -6"><span class='ocrx_word' id='word_1_196' title='bbox 124 880 162 899; x_wconf 90' lang='lat' dir='ltr'>tiuo</span> <span class='ocrx_word' id='word_1_197' title='bbox 169 880 281 905; x_wconf 80' lang='lat' dir='ltr'>copulatum,</span> <span class='ocrx_word' id='word_1_198' title='bbox 291 881 395 905; x_wconf 83' lang='lat' dir='ltr'>praesertim</span> <span class='ocrx_word' id='word_1_199' title='bbox 403 881 418 899; x_wconf 90' lang='lat' dir='ltr'>si</span> <span class='ocrx_word' id='word_1_200' title='bbox 426 887 436 899; x_wconf 87' lang='lat' dir='ltr'>a</span> <span class='ocrx_word' id='word_1_201' title='bbox 444 881 577 905; x_wconf 86' lang='lat' dir='ltr'>praepositione</span> <span class='ocrx_word' id='word_1_202' title='bbox 584 881 667 905; x_wconf 85' lang='lat' dir='ltr'>pendeat,</span> <span class='ocrx_word' id='word_1_203' title='bbox 679 888 711 905; x_wconf 80' lang='lat' dir='ltr'>pro</span> 
     </span>
     <span class='ocr_line' id='line_1_28' title="bbox 125 909 711 934; baseline 0 -6"><span class='ocrx_word' id='word_1_204' title='bbox 125 910 197 928; x_wconf 87' lang='lat' dir='ltr'>nomine</span> <span class='ocrx_word' id='word_1_205' title='bbox 207 909 296 928; x_wconf 83' lang='lat' dir='ltr'>abstracto</span> <span class='ocrx_word' id='word_1_206' title='bbox 304 909 347 934; x_wconf 83' lang='lat' dir='ltr'>poni</span> <span class='ocrx_word' id='word_1_207' title='bbox 359 916 411 934; x_wconf 84' lang='lat' dir='ltr'>posse</span> <span class='ocrx_word' id='word_1_208' title='bbox 421 910 446 927; x_wconf 85' lang='lat' dir='ltr'>ita</span> <span class='ocrx_word' id='word_1_209' title='bbox 455 913 475 928; x_wconf 90' lang='lat' dir='ltr'>ut</span> <span class='ocrx_word' id='word_1_210' title='bbox 484 909 526 927; x_wconf 88' lang='lat' dir='ltr'>nihil</span> <span class='ocrx_word' id='word_1_211' title='bbox 535 910 605 928; x_wconf 84' lang='lat' dir='ltr'>intersit</span> <span class='ocrx_word' id='word_1_212' title='bbox 613 910 659 928; x_wconf 85' lang='lat' dir='ltr'>inter</span> <span class='ocrx_word' id='word_1_213' title='bbox 669 916 679 927; x_wconf 70' lang='grc' dir='ltr'>(ι</span> <span class='ocrx_word' id='word_1_214' title='bbox 689 910 711 928; x_wconf 84' lang='lat' dir='ltr'>ad</span> 
     </span>
    </p>

    <p class='ocr_par' dir='ltr' id='par_1_5' title="bbox 101 938 660 957">
     <span class='ocr_line' id='line_1_29' title="bbox 101 938 660 957; baseline 0 0"><span class='ocrx_word' id='word_1_215' title='bbox 101 942 103 944; x_wconf 74' lang='grc'><strong><em>’</em></strong></span> <span class='ocrx_word' id='word_1_216' title='bbox 125 938 257 957; x_wconf 83' lang='lat' dir='ltr'>defendendam</span> <span class='ocrx_word' id='word_1_217' title='bbox 267 938 329 957; x_wconf 85' lang='lat' dir='ltr'>urbem</span> <span class='ocrx_word' id='word_1_218' title='bbox 338 946 348 957; x_wconf 85' lang='lat'>»</span> <span class='ocrx_word' id='word_1_219' title='bbox 357 942 374 957; x_wconf 86' lang='lat' dir='ltr'>et</span> <span class='ocrx_word' id='word_1_220' title='bbox 385 945 394 956; x_wconf 60' lang='lat' dir='ltr'>t&lt;</span> <span class='ocrx_word' id='word_1_221' title='bbox 405 939 427 957; x_wconf 86' lang='lat' dir='ltr'>ad</span> <span class='ocrx_word' id='word_1_222' title='bbox 437 938 560 957; x_wconf 79' lang='lat' dir='ltr'>defensionem</span> <span class='ocrx_word' id='word_1_223' title='bbox 571 938 621 957; x_wconf 87' lang='lat' dir='ltr'>urhis</span> <span class='ocrx_word' id='word_1_224' title='bbox 628 939 634 950; x_wconf 75' lang='lat'><strong>⁴</strong></span> <span class='ocrx_word' id='word_1_225' title='bbox 643 946 660 957; x_wconf 88' lang='lat'>».</span> 
     </span>
    </p>

    <p class='ocr_par' dir='ltr' id='par_1_6' title="bbox 125 967 712 1108">
     <span class='ocr_line' id='line_1_30' title="bbox 149 967 712 992; baseline 0.002 -7"><span class='ocrx_word' id='word_1_226' title='bbox 149 968 195 986; x_wconf 93' lang='lat' dir='ltr'>Tum</span> <span class='ocrx_word' id='word_1_227' title='bbox 210 967 294 992; x_wconf 73' lang='lat' dir='ltr'>exempla</span> <span class='ocrx_word' id='word_1_228' title='bbox 307 967 376 992; x_wconf 78' lang='lat' dir='ltr'>profert</span> <span class='ocrx_word' id='word_1_229' title='bbox 389 967 416 986; x_wconf 91' lang='lat' dir='ltr'>uir</span> <span class='ocrx_word' id='word_1_230' title='bbox 429 967 562 986; x_wconf 78' lang='lat' dir='ltr'>eruditissimus</span> <span class='ocrx_word' id='word_1_231' title='bbox 573 968 591 985; x_wconf 92' lang='lat' dir='ltr'>in</span> <span class='ocrx_word' id='word_1_232' title='bbox 602 968 668 992; x_wconf 88' lang='lat' dir='ltr'>quibus</span> <span class='ocrx_word' id='word_1_233' title='bbox 681 971 712 986; x_wconf 87' lang='lat' dir='ltr'>aut</span> 
     </span>
     <span class='ocr_line' id='line_1_31' title="bbox 125 996 711 1021; baseline 0 -7"><span class='ocrx_word' id='word_1_234' title='bbox 125 996 187 1015; x_wconf 78' lang='lat' dir='ltr'>eadem</span> <span class='ocrx_word' id='word_1_235' title='bbox 197 996 285 1015; x_wconf 80' lang='lat' dir='ltr'>sententia</span> <span class='ocrx_word' id='word_1_236' title='bbox 294 1003 342 1015; x_wconf 80' lang='lat' dir='ltr'>nunc</span> <span class='ocrx_word' id='word_1_237' title='bbox 348 996 458 1021; x_wconf 74' lang='lat' dir='ltr'>gerundiuo,</span> <span class='ocrx_word' id='word_1_238' title='bbox 465 1003 513 1015; x_wconf 80' lang='lat' dir='ltr'>nunc</span> <span class='ocrx_word' id='word_1_239' title='bbox 522 996 632 1021; x_wconf 80' lang='lat' dir='ltr'>incorporali</span> <span class='ocrx_word' id='word_1_240' title='bbox 638 996 711 1015; x_wconf 86' lang='lat' dir='ltr'>nomine</span> 
     </span>
     <span class='ocr_line' id='line_1_32' title="bbox 125 1025 710 1051; baseline 0.002 -8"><span class='ocrx_word' id='word_1_241' title='bbox 125 1025 238 1050; x_wconf 86' lang='lat' dir='ltr'>exprimitur,</span> <span class='ocrx_word' id='word_1_242' title='bbox 253 1029 284 1044; x_wconf 83' lang='lat' dir='ltr'>aut</span> <span class='ocrx_word' id='word_1_243' title='bbox 298 1025 329 1044; x_wconf 90' lang='lat' dir='ltr'>ubi</span> <span class='ocrx_word' id='word_1_244' title='bbox 342 1026 360 1043; x_wconf 87' lang='lat' dir='ltr'>in</span> <span class='ocrx_word' id='word_1_245' title='bbox 373 1025 437 1044; x_wconf 86' lang='lat' dir='ltr'>eudem</span> <span class='ocrx_word' id='word_1_246' title='bbox 450 1026 547 1044; x_wconf 88' lang='lat' dir='ltr'>uerborum</span> <span class='ocrx_word' id='word_1_247' title='bbox 559 1026 655 1051; x_wconf 86' lang='lat' dir='ltr'>complexu</span> <span class='ocrx_word' id='word_1_248' title='bbox 669 1032 710 1044; x_wconf 91' lang='lat' dir='ltr'>cum</span> 
     </span>
     <span class='ocr_line' id='line_1_33' title="bbox 125 1055 710 1079; baseline 0 -6"><span class='ocrx_word' id='word_1_249' title='bbox 125 1055 231 1073; x_wconf 88' lang='lat' dir='ltr'>nominibus</span> <span class='ocrx_word' id='word_1_250' title='bbox 238 1055 333 1073; x_wconf 81' lang='lat' dir='ltr'>abstractis</span> <span class='ocrx_word' id='word_1_251' title='bbox 340 1055 463 1079; x_wconf 75' lang='lat' dir='ltr'>gerundiuum</span> <span class='ocrx_word' id='word_1_252' title='bbox 473 1061 514 1073; x_wconf 84' lang='lat' dir='ltr'>cum</span> <span class='ocrx_word' id='word_1_253' title='bbox 525 1055 597 1073; x_wconf 83' lang='lat' dir='ltr'>nomine</span> <span class='ocrx_word' id='word_1_254' title='bbox 606 1055 710 1079; x_wconf 76' lang='lat' dir='ltr'>copulatum</span> 
     </span>
     <span class='ocr_line' id='line_1_34' title="bbox 125 1083 661 1108; baseline 0 -6"><span class='ocrx_word' id='word_1_255' title='bbox 125 1084 204 1108; x_wconf 87' lang='lat' dir='ltr'>ponitur.</span> <span class='ocrx_word' id='word_1_256' title='bbox 216 1084 298 1107; x_wconf 88' lang='lat' dir='ltr'>Quorum</span> <span class='ocrx_word' id='word_1_257' title='bbox 309 1090 365 1102; x_wconf 88' lang='lat' dir='ltr'>unum</span> <span class='ocrx_word' id='word_1_258' title='bbox 375 1088 393 1102; x_wconf 88' lang='lat' dir='ltr'>et</span> <span class='ocrx_word' id='word_1_259' title='bbox 400 1084 477 1102; x_wconf 81' lang='lat' dir='ltr'>alterum</span> <span class='ocrx_word' id='word_1_260' title='bbox 486 1083 552 1102; x_wconf 82' lang='lat' dir='ltr'>referre</span> <span class='ocrx_word' id='word_1_261' title='bbox 562 1084 605 1102; x_wconf 89' lang='lat' dir='ltr'>satis</span> <span class='ocrx_word' id='word_1_262' title='bbox 614 1084 648 1102; x_wconf 88' lang='lat' dir='ltr'>erit</span> <span class='ocrx_word' id='word_1_263' title='bbox 657 1090 661 1102; x_wconf 72' lang='lat' dir='ltr'><strong>c</strong></span> 
     </span>
    </p>
   </div>
   <div class='ocr_carea' id='block_1_4' title="bbox 125 1121 710 1125">
    <p class='ocr_par' dir='ltr' id='par_1_7' title="bbox 125 1121 710 1125">
     <span class='ocr_line' id='line_1_35' title="bbox 125 1121 710 1125; baseline 0 0"><span class='ocrx_word' id='word_1_264' title='bbox 125 1121 710 1125; x_wconf 95' lang='lat' dir='ltr'> </span> 
     </span>
    </p>
   </div>
   <div class='ocr_carea' id='block_1_5' title="bbox 163 1145 553 1221">
    <p class='ocr_par' dir='ltr' id='par_1_8' title="bbox 163 1145 290 1159">
     <span class='ocr_line' id='line_1_36' title="bbox 163 1145 290 1159; baseline -0.008 -1"><span class='ocrx_word' id='word_1_265' title='bbox 163 1145 223 1159; x_wconf 68' lang='lat' dir='ltr'>Dosaoa,</span> <span class='ocrx_word' id='word_1_266' title='bbox 232 1145 243 1158; x_wconf 74' lang='grc' dir='ltr'>Ι.</span> <span class='ocrx_word' id='word_1_267' title='bbox 252 1145 262 1158; x_wconf 77' lang='lat'>1.</span> <span class='ocrx_word' id='word_1_268' title='bbox 269 1145 290 1158; x_wconf 79' lang='grc'>57.</span> 
     </span>
    </p>

    <p class='ocr_par' dir='ltr' id='par_1_9' title="bbox 164 1165 360 1181">
     <span class='ocr_line' id='line_1_37' title="bbox 164 1165 360 1181; baseline 0 -3"><span class='ocrx_word' id='word_1_269' title='bbox 164 1166 244 1179; x_wconf 66' lang='grc' dir='ltr'><strong>ιῖΒκιιτσΝ,</strong></span> <span class='ocrx_word' id='word_1_270' title='bbox 254 1165 264 1178; x_wconf 86' lang='lat' dir='ltr'>l.</span> <span class='ocrx_word' id='word_1_271' title='bbox 275 1165 286 1178; x_wconf 59' lang='lat' dir='ltr'>l&gt;</span> <span class='ocrx_word' id='word_1_272' title='bbox 297 1165 311 1178; x_wconf 68' lang='grc'>14</span> <span class='ocrx_word' id='word_1_273' title='bbox 320 1165 360 1181; x_wconf 73' lang='lat'>[158]-</span> 
     </span>
    </p>

    <p class='ocr_par' dir='ltr' id='par_1_10' title="bbox 165 1185 293 1200">
     <span class='ocr_line' id='line_1_38' title="bbox 165 1185 293 1200; baseline 0 -2"><span class='ocrx_word' id='word_1_274' title='bbox 165 1186 225 1200; x_wconf 68' lang='lat' dir='ltr'>Duasmt,</span> <span class='ocrx_word' id='word_1_275' title='bbox 233 1185 243 1198; x_wconf 82' lang='lat' dir='ltr'>l.</span> <span class='ocrx_word' id='word_1_276' title='bbox 253 1185 264 1198; x_wconf 53' lang='grc' dir='ltr'>Ι,</span> <span class='ocrx_word' id='word_1_277' title='bbox 272 1185 293 1198; x_wconf 76' lang='lat'>⁵¹1.</span> 
     </span>
    </p>

    <p class='ocr_par' dir='ltr' id='par_1_11' title="bbox 164 1204 553 1221">
     <span class='ocr_line' id='line_1_39' title="bbox 164 1204 553 1221; baseline -0.003 -3"><span class='ocrx_word' id='word_1_278' title='bbox 164 1206 194 1218; x_wconf 70' lang='lat' dir='ltr'>noc</span> <span class='ocrx_word' id='word_1_279' title='bbox 202 1207 272 1221; x_wconf 70' lang='lat' dir='ltr'>qutenus</span> <span class='ocrx_word' id='word_1_280' title='bbox 278 1208 325 1218; x_wconf 69' lang='lat' dir='ltr'>nomm</span> <span class='ocrx_word' id='word_1_281' title='bbox 333 1205 355 1219; x_wconf 74' lang='lat' dir='ltr'>nt,</span> <span class='ocrx_word' id='word_1_282' title='bbox 364 1208 406 1221; x_wconf 73' lang='lat' dir='ltr'>mpu</span> <span class='ocrx_word' id='word_1_283' title='bbox 414 1204 499 1219; x_wconf 65' lang='lat' dir='ltr'>monuimus.</span> <span class='ocrx_word' id='word_1_284' title='bbox 508 1208 523 1221; x_wconf 85' lang='lat' dir='ltr'>p.</span> <span class='ocrx_word' id='word_1_285' title='bbox 532 1205 553 1217; x_wconf 67' lang='grc' dir='ltr'>Ἡ.</span> 
     </span>
    </p>
   </div>
   <div class='ocr_carea' id='block_1_6' title="bbox 140 1146 154 1219">
    <p class='ocr_par' dir='ltr' id='par_1_12' title="bbox 140 1146 154 1219">
     <span class='ocr_line' id='line_1_40' title="bbox 140 1146 154 1219; textangle 90"><span class='ocrx_word' id='word_1_286' title='bbox 140 1146 154 1219; x_wconf 37' lang='lat' dir='ltr'>seer</span> 
     </span>
    </p>
   </div>
  </div>
 </body>
</html>
