3684 5576
389 577 429 636 36
672 579 717 624 DE
742 577 931 626 GERUNDIVI
957 577 1024 624 USU
1049 575 1264 623 nscanrtona

388 809 557 882 admonet
572 806 771 879 subiectum
783 806 940 905 (fructu)
953 803 1134 903 passiuam
1145 803 1360 901 gerundiuio
1373 805 1559 903 significa·

388 925 542 1012 tionem;
563 938 598 996 at
618 922 652 993 in
673 922 732 994 illa
752 921 900 995 Catonis
915 920 1091 994 sententia
1111 945 1207 993 esse:
1228 946 1247 989 «
1258 920 1426 994 Ferundo
1445 922 1559 995 orbor

382 1039 563 1141 peribit»,
580 1064 662 1111 cum
669 1036 836 1135 serundo
849 1036 1051 1109 subiectum
1067 1060 1138 1108 non
1150 1035 1292 1125 habeat,
1310 1035 1511 1109 subiectum
1526 1038 1558 1110 ei

389 1155 615 1254 fingimosex
626 1153 802 1227 sermonis
813 1152 1073 1225 consuetudine
1093 1151 1265 1241 uotiuum,
1276 1167 1311 1224 et
1321 1152 1417 1251 quod
1428 1153 1558 1226 dicitur

388 1270 675 1368 impersonaliter
687 1284 793 1368 atquc
809 1268 952 1368 passiue
962 1266 1141 1367 (ferundo
1154 1310 1182 1330 -
1195 1265 1431 1366 domfertur,
1442 1294 1559 1367 poree

387 1386 480 1486 qu’il
490 1414 515 1485 p
530 1413 554 1459 a
564 1385 797 1484 productiori,
809 1410 886 1482 por
899 1383 1017 1482 lefot't
1031 1383 1075 1456 de
1087 1382 1122 1455 lo
1130 1382 1380 1481 productiori),
1397 1383 1432 1457 id
1444 1384 1558 1457 actine

388 1502 617 1599 accipienteS,
639 1500 912 1598 subiectumque
934 1499 1079 1597 aliquod
1104 1524 1150 1570 ex
1167 1498 1244 1596 ipsa
1264 1500 1440 1572 sententia
1459 1525 1560 1598 repe-
1664 1506 1667 1511 “

387 1631 517 1707 tenteS,
547 1618 650 1716 quasi
683 1631 777 1689 esset
801 1615 935 1689 dictum
967 1615 1095 1706 orbor,
1128 1613 1215 1687 dum
1233 1616 1331 1713 fert,
1353 1615 1491 1714 peribit
1516 1617 1561 1708 (le

388 1733 478 1825 boia,
503 1759 546 1806 en
560 1745 728 1832 portant,
742 1731 888 1831 pe'riro)
904 1730 1122 1829 gerundium
1138 1731 1323 1828 passiuum
1347 1745 1384 1804 ut
1401 1732 1558 1804 actiuum

389 1849 680 1948 interpretamur.

439 1966 489 2037 lta
510 1963 709 2063 explicatur
728 1963 825 2062 quod
845 1963 984 2036 Tullius
1010 1988 1091 2035 cum
1121 1989 1139 2033 u
1160 1962 1285 2036 adesse
1303 1961 1356 2036 od
1371 1961 1557 2062 imperan-

346 2096 354 2104 '
389 2081 510 2154 dum»
540 2095 703 2154 ueterum
736 2105 844 2153 sensu
868 2079 1031 2168 dixisset,
1063 2079 1185 2152 statim
1211 2077 1348 2151 dietum
1375 2079 1555 2177 corrigit3

392 2223 412 2267 u
433 2197 465 2268 N
470 2222 537 2268 unc
556 2195 640 2269 ades
659 2196 712 2268 od
726 2196 978 2294 imperandum
994 2194 1051 2268 uel
1066 2193 1118 2267 od
1124 2194 1330 2293 parendum
1347 2195 1487 2293 potius:
1510 2195 1561 2268 sic

391 2312 486 2385 enim
520 2311 656 2410 antiqui
694 2310 933 2409 loquebantur
964 2310 1083 2397 (Fam.
1118 2311 1234 2397 raab)
1255 2339 1289 2383 n.
1325 2310 1432 2401 Quod
1463 2310 1559 2382 enim

392 2427 529 2526 antiqui
554 2427 607 2500 od
627 2426 879 2526 imperandum
909 2425 1075 2499 dicebant
1098 2425 1399 2523 impersonaliter,
1423 2425 1560 2499 Tullius

392 2542 462 2616 dici
489 2543 628 2615 mauult
657 2543 709 2615 od
731 2541 952 2641 parendum,
982 2541 1088 2614 etad
1119 2541 1320 2614 subiectum
1348 2541 1449 2616 uerbi
1474 2543 1561 2615 odes

392 2658 531 2749 referri,
557 2658 660 2755 quasi
687 2658 722 2731 id
740 2658 848 2731 etiam
877 2659 1054 2731 actionem
1081 2683 1101 2729 a
1134 2657 1321 2756 participio
1350 2683 1559 2755 expressam

393 2773 536 2848 laceret.
551 2775 684 2847 Eadem
700 2774 882 2864 inductus,
893 2789 932 2846 ut
943 2774 990 2846 ita
999 2774 1130 2863 dicam,
1143 2773 1324 2871 cogitandi
1334 2774 1560 2865 necessitate,

393 2890 542 2962 Seruius
569 2890 707 2987 Vergili
735 2916 847 2963 unum
875 2890 1041 2989 idemque
1077 2889 1332 2961 «camarado»
1371 2889 1560 2990 dupliciter

392 3005 534 3103 accipit,
557 3020 592 3077 ct
614 3006 838 3079 «Cantando
857 3020 895 3079 tu
922 3004 1058 3077 illum»
1081 3030 1131 3077 sc.
1166 3003 1283 3077 uicisti
1309 3006 1413 3103 (Buc.
1442 3006 1560 3097 dab),

392 3122 507 3195 actiue
523 3122 591 3194 dici
608 3122 698 3213 uult,
716 3148 798 3196 eum
822 3148 840 3191 u
859 3121 1053 3194 Cantando
1068 3121 1249 3221 rumpitur
1264 3121 1392 3219 anguis
1408 3150 1427 3195 »
1450 3123 1555 3219 (Bne.

392 3238 505 3334 8.71),
528 3238 670 3335 passiuc
689 3238 823 3311 dictum
843 3239 1047 3311 contendat.

440 3372 480 3444 C.
502 3416 544 3426 —
564 3371 654 3444 lllud
677 3372 830 3471 denique
849 3372 1005 3445 ostendit
1030 3371 1208 3469 gerundio
1234 3372 1415 3470 passiuam
1445 3372 1562 3447 inesse

390 3487 704 3585 significationem,
724 3488 787 3561 sed
813 3502 1033 3561 attenuatam
1060 3487 1158 3559 illam
1182 3501 1289 3586 atque
1315 3488 1558 3581 obscuratam,

389 3602 487 3701 quod
511 3602 689 3675 obiectum
714 3604 919 3677 accusatiuo
935 3629 1019 3675 casu
1041 3603 1212 3701 positum,
1230 3603 1492 3703 utaliquando,
1510 3606 1558 3678 ita

391 3718 573 3790 rarissime
593 3718 712 3791 habet.

441 3835 519 3907 Hoc
551 3835 627 3907 fieri
664 3835 823 3934 potuisse
856 3849 895 3908 ut
923 3836 1039 3907 lorma
1070 3835 1226 3932 primum
1258 3836 1402 3934 passiua
1435 3852 1558 3935 postea

390 3949 505 4023 actiue
524 3975 565 4022 ac
585 3951 773 4024 transitiue
792 3951 1035 4041 adhiberetur,
1061 3950 1192 4023 nostris
1212 3966 1306 4024 certe
1337 3952 1460 4025 mirari
1486 3979 1559 4027 non

390 4064 483 4139 licet.
510 4066 602 4139 Nam
623 4066 739 4140 simile
761 4067 897 4166 aliquid
925 4067 960 4137 in
991 4082 1115 4140 nostro
1144 4091 1310 4141 sermone
1334 4067 1466 4142 lactum
1487 4083 1561 4143 tes-

390 4196 512 4255 tantur
528 4182 706 4255 notissimi
722 4208 849 4255 uersus
871 4210 879 4255 ι

709 4316 890 4397 Mignonne,
908 4315 1006 4376 allons
1022 4315 1089 4376 voir
1102 4315 1128 4376 si
1145 4316 1174 4377 la
1190 4339 1267 4391 rose,

709 4413 769 4491 Qui
785 4435 818 4474 ce
834 4414 930 4475 matin
946 4413 1028 4474 avait
1042 4413 1182 4476 desclose

709 4511 750 4572 Sa
765 4511 837 4573 robe
853 4512 891 4573 de
905 4532 1037 4595 pourpre
1051 4533 1090 4572 au
1104 4510 1200 4585 soleil,

707 4611 734 4669 Α
755 4610 839 4691 point
852 4610 969 4692 perdo,
987 4622 1064 4672 ceste
1083 4615 1214 4694 vespree,

708 4707 764 4767 Les
781 4708 837 4789 plis
852 4708 889 4769 de
904 4730 939 4769 sa
953 4708 1025 4769 robe
1040 4713 1189 4792 pourprbe

705 4805 744 4867 Et
757 4827 813 4867 son
828 4807 902 4870 teiut
916 4829 956 4868 au
971 4817 1070 4868 vostre
1084 4807 1192 4889 pareil.

1006 4906 1176 4984 (Ronsnnn,
1197 4903 1399 4986 Odes,1‚17).
