3684 5576
662 551 706 596 oe
731 550 921 597 ennonmvr
947 548 1097 594 corrone
1423 536 1460 596 21

294 776 514 875 exprimunt,
535 790 570 850 et
598 777 697 849 uerbi
718 776 832 874 ipsius
851 775 1046 865 notionem,
1067 799 1175 873 quam
1196 798 1262 845 nos
1282 771 1462 844 abstracto

294 893 390 992 qnod
408 892 533 967 dicunt
547 891 694 965 nomine
711 893 764 988 (lo
780 890 1023 965 construction
1039 893 1124 964 ct’nn
1134 894 1256 990 pont),
1273 887 1310 959 hi
1325 911 1462 984 gerun-

295 1008 379 1081 diuo
403 1009 550 1107 passiuo
573 1014 732 1107 (pontem
750 1008 984 1107 sociendnm)
1009 1016 1291 1107 repraesentant.
1319 1001 1390 1076 Sed
1418 1027 1463 1074 ex

295 1151 337 1197 co
379 1125 508 1197 iniuria
554 1124 703 1222 colligas
736 1124 980 1222 gerundiuum
1013 1148 1084 1196 non
1118 1148 1196 1196 esse
1234 1119 1461 1221 participium

295 1240 506 1338 praesentis,
534 1267 596 1313 seu
628 1240 756 1314 melius
782 1240 903 1312 infecti
930 1266 937 1313 :
964 1239 1051 1311 nihil
1079 1239 1173 1312 enim
1196 1239 1254 1312 hic
1272 1240 1374 1316 adest
1395 1242 1463 1314 nisi

295 1357 472 1455 participii
493 1382 580 1430 usus
605 1382 713 1455 quem
733 1354 959 1428 translatum¹
980 1356 1116 1428 dicunt.

343 1473 457 1565 Quem
486 1498 591 1545 usum
610 1487 645 1546 et
670 1473 707 1544 in
735 1471 859 1545 Latina
886 1471 1012 1569 lingua
1030 1471 1210 1545 interdum
1234 1474 1462 1572 participium

295 1588 455 1687 perfecti,
477 1604 512 1662 et
531 1589 567 1661 in
588 1589 729 1661 nostra²
752 1602 943 1686 utrumque
963 1588 1192 1685 participium
1213 1589 1261 1662 ita
1287 1589 1407 1682 habet,
1425 1606 1465 1665 ut

295 1704 541 1802 grammatici³
568 1704 716 1804 quidam
746 1703 875 1776 melius
907 1703 977 1776 dici
1006 1718 1152 1801 putent,
1185 1730 1258 1777 non
1283 1707 1465 1807 participe

172 1871 178 1878 -
287 1824 448 1920 pre'sent,
470 1835 532 1894 aut
544 1824 668 1920 possc',
686 1834 726 1893 ut
743 1845 839 1892 nunc
863 1819 940 1892 fieri
966 1819 1069 1909 solet,
1091 1819 1154 1894 sed
1170 1821 1353 1921 participe
1371 1823 1472 1921 actis

295 1961 341 2009 ou
351 1937 489 2035 passis,
506 1951 581 2009 uta
598 1936 796 2010 maioribus
821 1935 956 2008 dictum
974 1949 1040 2008 est.

342 2052 504 2125 Sedutin
521 2052 781 2151 Latinalingua
795 2051 992 2148 disputatio
1009 2051 1249 2143 contineatur,
1260 2052 1320 2151 qui
1331 2069 1465 2151 negant

294 2167 537 2266 gerundiuum
558 2168 788 2266 participium
807 2192 885 2241 esse
898 2168 1119 2267 proesentis,
1140 2166 1239 2266 quod
1262 2167 1349 2240 nihil
1364 2168 1464 2249 aliud

294 2284 474 2382 exprimat
494 2284 562 2357 nisi
582 2284 742 2357 eiusdem
770 2283 892 2382 stirpis
912 2283 1131 2356 abstractum
1153 2309 1216 2357 seu
1238 2283 1463 2382 incorporale

294 2425 442 2492 nomen,
470 2425 533 2473 our
556 2400 651 2473 idem
673 2426 744 2472 non
762 2400 886 2473 dicunt
899 2425 982 2472 cum
1002 2398 1046 2472 de
1066 2399 1255 2497 participio
1267 2401 1467 2499 praeteriti

294 2516 426 2614 agitur.
442 2516 552 2608 Quid,
570 2541 717 2615 quaese,
734 2515 831 2615 quod
845 2516 890 2588 ad
902 2541 1009 2589 usum
1022 2516 1190 2613 pertinet,
1208 2516 1356 2590 interest
1371 2518 1464 2589 inter

294 2631 474 2705 conditnm
493 2646 528 2704 et
546 2631 768 2705 condendam
792 2632 828 2702 in
848 2631 917 2703 hoc
938 2631 979 2703 T.
1007 2630 1114 2704 Liui*
1139 2632 1326 2705 notissimo
1347 2632 1425 2706 loco
1453 2660 1461 2706 ε

297 2773 316 2817 «
329 2749 425 2821 Ante
434 2746 630 2838 conditam,
648 2747 914 2820 condendamue
929 2747 1052 2820 orbem
1064 2775 1099 2836 n,
1116 2747 1185 2820 nisi
1199 2749 1298 2846 quod
1312 2747 1462 2821 alterum

295 2863 463 2961 perfecti,
494 2864 644 2937 aiterum
671 2862 870 2961 imperfecti
896 2888 959 2936 seu
983 2862 1104 2936 infecti
1135 2863 1365 2962 participium
1391 2879 1458 2938 est.

293 2979 368 3051 Nee
394 2978 490 3052 aliud
512 2979 704 3079 quicquam
733 2980 903 3052 interesse
932 2978 1025 3052 inter
1051 2992 1242 3079 sequentes
1269 2980 1463 3053 sententias

294 3094 324 3167 si
344 3095 425 3194 quis
445 3094 722 3193 comparauerit,
745 3094 914 3168 inueniet.

332 3247 377 3307 Ex
398 3266 524 3306 eoeuro
542 3245 687 3307 buculam
705 3245 837 3309 cenauit
959 3246 1132 3308 Inncntnm
1172 3246 1226 3307 tibi
1272 3248 1394 3309 corabo
1435 3260 1464 3309 et

285 3342 495 3426 faciendam.
519 3344 596 3423 (Cic.
625 3344 830 3425 1.Din.24).
917 3365 1038 3406 mecum
1069 3344 1235 3406 adductum
1265 3356 1352 3406 tuum
1376 3348 1465 3407 Pam·

919 3442 1050 3526 philum.
1068 3443 1145 3524 (Ter.
1163 3442 1249 3504 And.
1267 3443 1354 3521 624).

334 3539 491 3601 Secundae
501 3549 766 3602 restransuersum
776 3550 839 3601 tru·
959 3541 1144 3629 ‚Priusquam
1166 3540 1295 3624 incipias
1319 3542 1464 3603 consnlto

294 3639 364 3700 dere
382 3638 480 3699 solent
493 3660 511 3699 a
526 3650 604 3700 recte
621 3637 833 3700 consulendo.
920 3639 973 3700 uhi
1008 3639 1198 3699 consulueris
1230 3650 1347 3700 mature
1364 3640 1464 3721 facto

293 3739 370 3816 (Cat.
386 3736 480 3818 Orio.
493 3736 530 3798 23
548 3737 595 3798 ed.
611 3736 750 3817 Jordan).
920 3759 996 3819 opus
1010 3746 1065 3798 est.
1083 3736 1174 3816 (Satt.
1194 3737 1268 3800 Cot.
1290 3738 1363 3815 1.6).

342 3871 480 3964 Quodsi
491 3871 726 3961 condendam,
734 3871 964 3970 sociendom,
975 3871 1189 3954 consulendo
1199 3872 1302 3971 quasi
1319 3872 1465 3944 nomina

326 4174 348 4222 t.
367 4172 410 4221 Cf.
427 4172 559 4222 Riemann
572 4172 601 4220 et
616 4171 756 4228 Gentem,
775 4170 910 4224 Gramen.
929 4183 1027 4235 comp.
1045 4183 1073 4229 11,
1090 4172 1101 4233 ἕ
1118 4171 1175 4221 2¹8.

322 4254 348 4303 2.
368 4252 411 4302 cf.
431 4252 547 4312 Racrnc,
566 4250 713 4308 Attalici,
727 4254 748 4302 1:

494 4331 596 4381 Fam-il
612 4331 707 4381 Abner
722 4345 791 4382 vous
807 4331 978 4395 rappeler...

496 4410 551 4458 Dea
568 4411 665 4470 tyrans
683 4407 797 4458 d'lsrael
816 4408 855 4457 les
874 4406 999 4458 celebres
1016 4405 1170 4469 disgressa,

494 4484 528 4533 Et
544 4483 612 4532 Dieu
632 4483 734 4534 trouce'
748 4482 832 4534 fidele
850 4496 885 4534 en
900 4488 992 4533 tontes
1008 4496 1053 4532 see
1070 4494 1262 4542 menecea...;

494 4557 555 4609 Elie
570 4572 623 4609 aux
641 4556 777 4610 clemente
793 4558 917 4623 portent
937 4572 970 4608 on
988 4557 1146 4613 souverain.

494 4636 545 4684 Les
563 4635 642 4685 cieux
658 4648 708 4698 par
725 4634 763 4685 lui
782 4634 890 4696 termes
903 4638 932 4684 ct
947 4634 1070 4684 devenus
1088 4633 1216 4683 d'airain.
1227 4672 1249 4684 ..

495 4710 547 4759 Les
562 4715 648 4760 morte
664 4724 694 4760 se
710 4712 870 4761 rentmans
888 4710 905 4761 t
921 4710 948 4759 ln
961 4710 1024 4759 voix
1039 4708 1189 4769 d’Elyseet

322 4793 347 4841 3.
369 4790 411 4840 Cf.
433 4788 574 4846 cienena.
595 4789 784 4842 Grammaire
800 4790 960 4856 francaiee.
981 4790 1070 4851 Paris,
1092 4790 1158 4847 ¹887,
1176 4788 1257 4855 3927.

322 4870 349 4923 t.
370 4871 403 4922 T.
422 4870 455 4920 Ι..
473 4869 574 4933 Penes.
594 4872 620 4921 6.
