<?xml version="1.0" encoding="UTF-8"?>
<!DOCTYPE html PUBLIC "-//W3C//DTD XHTML 1.0 Transitional//EN"
    "http://www.w3.org/TR/xhtml1/DTD/xhtml1-transitional.dtd">
<html xmlns="http://www.w3.org/1999/xhtml" xml:lang="en" lang="en">
 <head>
  <title>
</title>
<meta http-equiv="Content-Type" content="text/html;charset=utf-8" />
  <meta name='ocr-system' content='tesseract 3.04.00' />
  <meta name='ocr-capabilities' content='ocr_page ocr_carea ocr_par ocr_line ocrx_word'/>
</head>
<body>
  <div class='ocr_page' id='page_1' title='image "./degerundivietge02bayagoog_0028.png"; bbox 0 0 3684 5576; ppageno 0'>
   <div class='ocr_carea' id='block_1_1' title="bbox 642 561 1434 620">
    <p class='ocr_par' dir='ltr' id='par_1_1' title="bbox 642 561 1434 620">
     <span class='ocr_line' id='line_1_1' title="bbox 642 561 1434 620; baseline 0 -7"><span class='ocrx_word' id='word_1_1' title='bbox 642 567 687 613; x_wconf 76' lang='grc' dir='ltr'><strong>ΒΕ</strong></span> <span class='ocrx_word' id='word_1_2' title='bbox 712 566 901 614; x_wconf 80' lang='lat' dir='ltr'><strong>GERUNDIVI</strong></span> <span class='ocrx_word' id='word_1_3' title='bbox 928 568 1060 614; x_wconf 76' lang='lat' dir='ltr'><em>GENERE</em></span> <span class='ocrx_word' id='word_1_4' title='bbox 1401 561 1434 620; x_wconf 81' lang='lat' dir='ltr'>ss</span> 
     </span>
    </p>
   </div>
   <div class='ocr_carea' id='block_1_2' title="bbox 261 786 1549 2287">
    <p class='ocr_par' dir='ltr' id='par_1_2' title="bbox 261 786 1549 2287">
     <span class='ocr_line' id='line_1_2' title="bbox 261 786 1549 899; baseline 0.002 -28"><span class='ocrx_word' id='word_1_5' title='bbox 261 800 387 898; x_wconf 80' lang='lat' dir='ltr'><strong>lingua</strong></span> <span class='ocrx_word' id='word_1_6' title='bbox 403 814 520 899; x_wconf 89' lang='lat' dir='ltr'><strong>petest</strong></span> <span class='ocrx_word' id='word_1_7' title='bbox 534 800 788 889; x_wconf 88' lang='lat' dir='ltr'><strong>animaduerti,</strong></span> <span class='ocrx_word' id='word_1_8' title='bbox 805 799 841 871; x_wconf 91' lang='lat' dir='ltr'><strong>in</strong></span> <span class='ocrx_word' id='word_1_9' title='bbox 863 827 934 899; x_wconf 91' lang='lat' dir='ltr'><strong>qua</strong></span> <span class='ocrx_word' id='word_1_10' title='bbox 955 800 1165 891; x_wconf 85' lang='lat' dir='ltr'><strong>uoluendus,</strong></span> <span class='ocrx_word' id='word_1_11' title='bbox 1182 801 1308 874; x_wconf 89' lang='lat' dir='ltr'><strong>eodem</strong></span> <span class='ocrx_word' id='word_1_12' title='bbox 1329 826 1438 874; x_wconf 89' lang='lat' dir='ltr'><strong>sensu</strong></span> <span class='ocrx_word' id='word_1_13' title='bbox 1547 786 1549 795; x_wconf 45' lang='lat'><strong>¹</strong></span> 
     </span>
     <span class='ocr_line' id='line_1_3' title="bbox 262 916 1438 1015; baseline -0.001 -27"><span class='ocrx_word' id='word_1_14' title='bbox 262 942 335 1015; x_wconf 87' lang='lat' dir='ltr'><strong>quo</strong></span> <span class='ocrx_word' id='word_1_15' title='bbox 359 917 505 990; x_wconf 85' lang='lat' dir='ltr'><strong>uoluens</strong></span> <span class='ocrx_word' id='word_1_16' title='bbox 531 916 572 1015; x_wconf 87' lang='lat'><strong>(-</strong></span> <span class='ocrx_word' id='word_1_17' title='bbox 587 917 733 989; x_wconf 86' lang='lat' dir='ltr'><strong>uoluens</strong></span> <span class='ocrx_word' id='word_1_18' title='bbox 756 918 808 1009; x_wconf 85' lang='lat' dir='ltr'><strong>se)</strong></span> <span class='ocrx_word' id='word_1_19' title='bbox 838 930 1046 1014; x_wconf 87' lang='lat' dir='ltr'><strong>usurpatur,</strong></span> <span class='ocrx_word' id='word_1_20' title='bbox 1067 931 1107 989; x_wconf 88' lang='lat' dir='ltr'><strong>ut</strong></span> <span class='ocrx_word' id='word_1_21' title='bbox 1126 916 1165 989; x_wconf 84' lang='lat' dir='ltr'><strong>lit</strong></span> <span class='ocrx_word' id='word_1_22' title='bbox 1184 917 1281 1014; x_wconf 88' lang='lat' dir='ltr'><strong>apud</strong></span> <span class='ocrx_word' id='word_1_23' title='bbox 1304 916 1438 1013; x_wconf 74' lang='lat' dir='ltr'><strong>Vergi-</strong></span> 
     </span>
     <span class='ocr_line' id='line_1_4' title="bbox 263 1031 1439 1123; baseline 0.002 -20"><span class='ocrx_word' id='word_1_24' title='bbox 263 1031 378 1105; x_wconf 91' lang='lat' dir='ltr'><strong>lium:</strong></span> <span class='ocrx_word' id='word_1_25' title='bbox 406 1032 629 1106; x_wconf 80' lang='lat' dir='ltr'><strong>uoluentibus</strong></span> <span class='ocrx_word' id='word_1_26' title='bbox 648 1031 754 1105; x_wconf 82' lang='lat' dir='ltr'><strong>annis</strong></span> <span class='ocrx_word' id='word_1_27' title='bbox 778 1033 869 1104; x_wconf 87' lang='lat' dir='ltr'><strong>AEn.</strong></span> <span class='ocrx_word' id='word_1_28' title='bbox 893 1060 916 1104; x_wconf 86' lang='lat'><strong>1.</strong></span> <span class='ocrx_word' id='word_1_29' title='bbox 941 1032 1026 1123; x_wconf 74' lang='lat'><strong>234,</strong></span> <span class='ocrx_word' id='word_1_30' title='bbox 1054 1032 1237 1105; x_wconf 82' lang='lat' dir='ltr'><strong>uoluendis</strong></span> <span class='ocrx_word' id='word_1_31' title='bbox 1261 1031 1439 1105; x_wconf 83' lang='lat' dir='ltr'><strong>mensibus</strong></span> 
     </span>
     <span class='ocr_line' id='line_1_5' title="bbox 262 1146 1439 1246; baseline 0.002 -27"><span class='ocrx_word' id='word_1_32' title='bbox 262 1150 376 1246; x_wconf 54' lang='lat'><strong>2269,</strong></span> <span class='ocrx_word' id='word_1_33' title='bbox 409 1146 587 1221; x_wconf 75' lang='lat' dir='ltr'><strong>uoluendo</strong></span> <span class='ocrx_word' id='word_1_34' title='bbox 622 1147 697 1221; x_wconf 75' lang='lat' dir='ltr'><strong>dim</strong></span> <span class='ocrx_word' id='word_1_35' title='bbox 731 1174 822 1244; x_wconf 81' lang='lat' dir='ltr'><strong>rx.7.</strong></span> <span class='ocrx_word' id='word_1_36' title='bbox 857 1148 932 1219; x_wconf 89' lang='lat' dir='ltr'><strong>lam</strong></span> <span class='ocrx_word' id='word_1_37' title='bbox 969 1173 1055 1220; x_wconf 90' lang='lat' dir='ltr'><strong>uero</strong></span> <span class='ocrx_word' id='word_1_38' title='bbox 1083 1148 1181 1246; x_wconf 89' lang='lat' dir='ltr'><strong>quod</strong></span> <span class='ocrx_word' id='word_1_39' title='bbox 1217 1148 1262 1220; x_wconf 91' lang='lat' dir='ltr'><strong>ad</strong></span> <span class='ocrx_word' id='word_1_40' title='bbox 1290 1147 1439 1221; x_wconf 88' lang='lat' dir='ltr'><strong>uoluen-</strong></span> 
     </span>
     <span class='ocr_line' id='line_1_6' title="bbox 262 1263 1436 1361; baseline -0.001 -25"><span class='ocrx_word' id='word_1_41' title='bbox 262 1264 330 1336; x_wconf 84' lang='lat' dir='ltr'><strong>dus</strong></span> <span class='ocrx_word' id='word_1_42' title='bbox 364 1263 517 1354; x_wconf 75' lang='lat' dir='ltr'><strong>attinet,</strong></span> <span class='ocrx_word' id='word_1_43' title='bbox 555 1289 638 1337; x_wconf 88' lang='lat' dir='ltr'><strong>eum</strong></span> <span class='ocrx_word' id='word_1_44' title='bbox 671 1289 713 1337; x_wconf 82' lang='lat' dir='ltr'><strong>ea</strong></span> <span class='ocrx_word' id='word_1_45' title='bbox 744 1263 860 1361; x_wconf 78' lang='lat' dir='ltr'><strong>ligura</strong></span> <span class='ocrx_word' id='word_1_46' title='bbox 887 1263 939 1335; x_wconf 88' lang='lat' dir='ltr'><strong>ad</strong></span> <span class='ocrx_word' id='word_1_47' title='bbox 972 1288 1103 1335; x_wconf 90' lang='lat' dir='ltr'><strong>aeuum</strong></span> <span class='ocrx_word' id='word_1_48' title='bbox 1137 1263 1436 1361; x_wconf 92' lang='lat' dir='ltr'><strong>exprimendum,</strong></span> 
     </span>
     <span class='ocr_line' id='line_1_7' title="bbox 265 1365 1436 1476; baseline -0.002 -24"><span class='ocrx_word' id='word_1_49' title='bbox 265 1393 391 1476; x_wconf 87' lang='lat' dir='ltr'><strong>poetae</strong></span> <span class='ocrx_word' id='word_1_50' title='bbox 412 1379 528 1451; x_wconf 86' lang='lat' dir='ltr'><strong>Latini</strong></span> <span class='ocrx_word' id='word_1_51' title='bbox 547 1393 610 1452; x_wconf 87' lang='lat' dir='ltr'><strong>aut</strong></span> <span class='ocrx_word' id='word_1_52' title='bbox 633 1393 772 1452; x_wconf 85' lang='lat' dir='ltr'><strong>ueteres</strong></span> <span class='ocrx_word' id='word_1_53' title='bbox 794 1365 855 1451; x_wconf 79' lang='lat' dir='ltr'><strong>aut</strong></span> <span class='ocrx_word' id='word_1_54' title='bbox 875 1392 1036 1452; x_wconf 87' lang='lat' dir='ltr'><strong>ueterum</strong></span> <span class='ocrx_word' id='word_1_55' title='bbox 1056 1379 1255 1451; x_wconf 87' lang='lat' dir='ltr'><strong>imitatores</strong></span> <span class='ocrx_word' id='word_1_56' title='bbox 1272 1393 1436 1470; x_wconf 80' lang='lat' dir='ltr'><strong>utuntur,</strong></span> 
     </span>
     <span class='ocr_line' id='line_1_8' title="bbox 265 1492 1439 1585; baseline 0.001 -20"><span class='ocrx_word' id='word_1_57' title='bbox 265 1495 463 1567; x_wconf 83' lang='lat' dir='ltr'>Homerum</span> <span class='ocrx_word' id='word_1_58' title='bbox 496 1494 667 1584; x_wconf 80' lang='lat' dir='ltr'><strong>maxime,</strong></span> <span class='ocrx_word' id='word_1_59' title='bbox 697 1508 737 1567; x_wconf 87' lang='lat' dir='ltr'><strong>ut</strong></span> <span class='ocrx_word' id='word_1_60' title='bbox 764 1494 904 1568; x_wconf 88' lang='lat' dir='ltr'><strong>Dosson</strong></span> <span class='ocrx_word' id='word_1_61' title='bbox 933 1492 1121 1585; x_wconf 77' lang='lat' dir='ltr'><strong>intellexit,</strong></span> <span class='ocrx_word' id='word_1_62' title='bbox 1153 1495 1280 1567; x_wconf 83' lang='lat' dir='ltr'><strong>seclari</strong></span> <span class='ocrx_word' id='word_1_63' title='bbox 1309 1495 1439 1568; x_wconf 89' lang='lat' dir='ltr'><strong>uiden-</strong></span> 
     </span>
     <span class='ocr_line' id='line_1_9' title="bbox 264 1609 1437 1708; baseline 0 -25"><span class='ocrx_word' id='word_1_64' title='bbox 264 1624 335 1683; x_wconf 85' lang='lat' dir='ltr'><strong>tur.</strong></span> <span class='ocrx_word' id='word_1_65' title='bbox 369 1610 462 1682; x_wconf 88' lang='lat' dir='ltr'><strong>Nam</strong></span> <span class='ocrx_word' id='word_1_66' title='bbox 501 1610 691 1682; x_wconf 86' lang='lat' dir='ltr'><strong>Homerica</strong></span> <span class='ocrx_word' id='word_1_67' title='bbox 725 1611 1001 1708; x_wconf 73' lang='grc' dir='ltr'>(περιτελλομένων</span> <span class='ocrx_word' id='word_1_68' title='bbox 1034 1609 1257 1701; x_wconf 18' lang='grc' dir='ltr'><strong>ἐνιαυτῶνρΙΙ.</strong></span> <span class='ocrx_word' id='word_1_69' title='bbox 1287 1637 1322 1682; x_wconf 89' lang='lat'><strong>11.</strong></span> <span class='ocrx_word' id='word_1_70' title='bbox 1352 1612 1437 1683; x_wconf 88' lang='lat'><strong>551.</strong></span> 
     </span>
     <span class='ocr_line' id='line_1_10' title="bbox 264 1725 1440 1823; baseline 0.001 -27"><span class='ocrx_word' id='word_1_71' title='bbox 264 1737 489 1823; x_wconf 81' lang='grc' dir='ltr'>περιπλομένου</span> <span class='ocrx_word' id='word_1_72' title='bbox 508 1734 650 1798; x_wconf 74' lang='grc' dir='ltr'>ἐνιαυτοῦ</span> <span class='ocrx_word' id='word_1_73' title='bbox 674 1725 742 1798; x_wconf 84' lang='lat' dir='ltr'><strong>Od.</strong></span> <span class='ocrx_word' id='word_1_74' title='bbox 767 1753 790 1797; x_wconf 89' lang='lat'><strong>1.</strong></span> <span class='ocrx_word' id='word_1_75' title='bbox 819 1726 873 1797; x_wconf 81' lang='lat'><strong>16.</strong></span> <span class='ocrx_word' id='word_1_76' title='bbox 898 1753 947 1796; x_wconf 87' lang='lat' dir='ltr'><strong>xl.</strong></span> <span class='ocrx_word' id='word_1_77' title='bbox 971 1725 1053 1820; x_wconf 68' lang='lat'><strong>248)</strong></span> <span class='ocrx_word' id='word_1_78' title='bbox 1083 1725 1143 1796; x_wconf 83' lang='lat' dir='ltr'><strong>illa</strong></span> <span class='ocrx_word' id='word_1_79' title='bbox 1174 1725 1385 1798; x_wconf 71' lang='lat' dir='ltr'><strong>Lucretiam</strong></span> <span class='ocrx_word' id='word_1_80' title='bbox 1405 1739 1440 1798; x_wconf 84' lang='lat' dir='ltr'><strong>el</strong></span> 
     </span>
     <span class='ocr_line' id='line_1_11' title="bbox 263 1839 1440 1939; baseline 0.002 -29"><span class='ocrx_word' id='word_1_81' title='bbox 263 1841 473 1939; x_wconf 80' lang='lat' dir='ltr'><strong>Vergiliana</strong></span> <span class='ocrx_word' id='word_1_82' title='bbox 492 1840 687 1938; x_wconf 73' lang='lat' dir='ltr'><strong>(uoluendo</strong></span> <span class='ocrx_word' id='word_1_83' title='bbox 710 1852 812 1914; x_wconf 87' lang='lat' dir='ltr'><strong>netes</strong></span> <span class='ocrx_word' id='word_1_84' title='bbox 836 1841 885 1913; x_wconf 90' lang='grc' dir='ltr'><strong>Ν.</strong></span> <span class='ocrx_word' id='word_1_85' title='bbox 909 1843 956 1913; x_wconf 76' lang='lat' dir='ltr'><strong>R.</strong></span> <span class='ocrx_word' id='word_1_86' title='bbox 974 1868 1010 1913; x_wconf 87' lang='lat' dir='ltr'><strong>v.</strong></span> <span class='ocrx_word' id='word_1_87' title='bbox 1038 1842 1142 1939; x_wconf 73' lang='lat'><strong>1274,</strong></span> <span class='ocrx_word' id='word_1_88' title='bbox 1167 1840 1345 1914; x_wconf 73' lang='lat' dir='ltr'><strong>uoluendo</strong></span> <span class='ocrx_word' id='word_1_89' title='bbox 1364 1839 1440 1913; x_wconf 84' lang='lat' dir='ltr'><strong>dies</strong></span> 
     </span>
     <span class='ocr_line' id='line_1_12' title="bbox 264 1955 1438 2054; baseline -0.003 -23"><span class='ocrx_word' id='word_1_90' title='bbox 264 1959 356 2031; x_wconf 84' lang='lat' dir='ltr'><strong>AEn.</strong></span> <span class='ocrx_word' id='word_1_91' title='bbox 388 1959 469 2054; x_wconf 63' lang='lat' dir='ltr'><strong>qe,</strong></span> <span class='ocrx_word' id='word_1_92' title='bbox 496 1955 682 2030; x_wconf 70' lang='lat' dir='ltr'><strong>volvendis</strong></span> <span class='ocrx_word' id='word_1_93' title='bbox 709 1955 887 2029; x_wconf 82' lang='lat' dir='ltr'><strong>mensibus</strong></span> <span class='ocrx_word' id='word_1_94' title='bbox 914 1957 1006 2029; x_wconf 84' lang='lat' dir='ltr'><strong>AEn.</strong></span> <span class='ocrx_word' id='word_1_95' title='bbox 1036 1984 1060 2028; x_wconf 87' lang='lat'><strong>1.</strong></span> <span class='ocrx_word' id='word_1_96' title='bbox 1095 1957 1182 2053; x_wconf 76' lang='lat'>269)</span> <span class='ocrx_word' id='word_1_97' title='bbox 1211 1956 1254 2029; x_wconf 90' lang='lat' dir='ltr'><strong>ad</strong></span> <span class='ocrx_word' id='word_1_98' title='bbox 1289 1955 1438 2028; x_wconf 90' lang='lat' dir='ltr'><strong>uerbum</strong></span> 
     </span>
     <span class='ocr_line' id='line_1_13' title="bbox 263 2071 1438 2147; baseline -0.001 -2"><span class='ocrx_word' id='word_1_99' title='bbox 263 2074 434 2147; x_wconf 83' lang='lat' dir='ltr'><strong>referunt.</strong></span> <span class='ocrx_word' id='word_1_100' title='bbox 462 2073 510 2145; x_wconf 83' lang='lat' dir='ltr'><strong>At</strong></span> <span class='ocrx_word' id='word_1_101' title='bbox 539 2072 577 2144; x_wconf 92' lang='lat' dir='ltr'><strong>in</strong></span> <span class='ocrx_word' id='word_1_102' title='bbox 606 2072 662 2145; x_wconf 91' lang='lat' dir='ltr'><strong>his</strong></span> <span class='ocrx_word' id='word_1_103' title='bbox 685 2071 774 2145; x_wconf 88' lang='lat' dir='ltr'><strong>loeis</strong></span> <span class='ocrx_word' id='word_1_104' title='bbox 799 2072 909 2145; x_wconf 86' lang='lat' dir='ltr'><strong>uerba</strong></span> <span class='ocrx_word' id='word_1_105' title='bbox 941 2072 1077 2145; x_wconf 87' lang='lat' dir='ltr'><strong>Graeca</strong></span> <span class='ocrx_word' id='word_1_106' title='bbox 1106 2072 1223 2146; x_wconf 90' lang='lat' dir='ltr'><strong>media</strong></span> <span class='ocrx_word' id='word_1_107' title='bbox 1249 2097 1327 2145; x_wconf 91' lang='lat' dir='ltr'><strong>esse</strong></span> <span class='ocrx_word' id='word_1_108' title='bbox 1356 2098 1438 2145; x_wconf 85' lang='lat' dir='ltr'><strong>eum</strong></span> 
     </span>
     <span class='ocr_line' id='line_1_14' title="bbox 268 2188 1149 2287; baseline -0.001 -26"><span class='ocrx_word' id='word_1_109' title='bbox 268 2216 374 2263; x_wconf 89' lang='lat' dir='ltr'><strong>nemu</strong></span> <span class='ocrx_word' id='word_1_110' title='bbox 394 2215 466 2264; x_wconf 91' lang='lat' dir='ltr'><strong>non</strong></span> <span class='ocrx_word' id='word_1_111' title='bbox 486 2189 654 2279; x_wconf 79' lang='lat' dir='ltr'><strong>fateatur,</strong></span> <span class='ocrx_word' id='word_1_112' title='bbox 677 2188 802 2261; x_wconf 86' lang='lat' dir='ltr'><strong>Latina</strong></span> <span class='ocrx_word' id='word_1_113' title='bbox 822 2189 904 2287; x_wconf 92' lang='lat' dir='ltr'><strong>quis</strong></span> <span class='ocrx_word' id='word_1_114' title='bbox 922 2188 998 2261; x_wconf 88' lang='lat' dir='ltr'><strong>iure</strong></span> <span class='ocrx_word' id='word_1_115' title='bbox 1018 2189 1149 2286; x_wconf 69' lang='lat' dir='ltr'><strong>neget?</strong></span> 
     </span>
    </p>
   </div>
   <div class='ocr_carea' id='block_1_3' title="bbox 268 2319 1443 2996">
    <p class='ocr_par' dir='ltr' id='par_1_3' title="bbox 268 2319 1443 2996">
     <span class='ocr_line' id='line_1_15' title="bbox 323 2319 1443 2420; baseline -0.002 -26"><span class='ocrx_word' id='word_1_116' title='bbox 323 2324 367 2395; x_wconf 77' lang='lat' dir='ltr'><strong>Et</strong></span> <span class='ocrx_word' id='word_1_117' title='bbox 385 2322 474 2395; x_wconf 93' lang='lat' dir='ltr'><strong>illud</strong></span> <span class='ocrx_word' id='word_1_118' title='bbox 494 2322 530 2393; x_wconf 91' lang='lat' dir='ltr'><strong>in</strong></span> <span class='ocrx_word' id='word_1_119' title='bbox 550 2321 727 2395; x_wconf 89' lang='lat' dir='ltr'><strong>rationem</strong></span> <span class='ocrx_word' id='word_1_120' title='bbox 746 2321 999 2395; x_wconf 84' lang='lat' dir='ltr'><strong>adducendum</strong></span> <span class='ocrx_word' id='word_1_121' title='bbox 1017 2334 1072 2393; x_wconf 90' lang='lat' dir='ltr'><strong>est</strong></span> <span class='ocrx_word' id='word_1_122' title='bbox 1092 2321 1190 2420; x_wconf 91' lang='lat' dir='ltr'><strong>quod</strong></span> <span class='ocrx_word' id='word_1_123' title='bbox 1209 2320 1245 2391; x_wconf 90' lang='lat' dir='ltr'><strong>iu</strong></span> <span class='ocrx_word' id='word_1_124' title='bbox 1264 2319 1443 2395; x_wconf 88' lang='lat' dir='ltr'><strong>eiusmodi</strong></span> 
     </span>
     <span class='ocr_line' id='line_1_16' title="bbox 272 2436 1443 2535; baseline -0.002 -24"><span class='ocrx_word' id='word_1_125' title='bbox 272 2439 360 2512; x_wconf 88' lang='lat' dir='ltr'><strong>locis</strong></span> <span class='ocrx_word' id='word_1_126' title='bbox 392 2437 511 2511; x_wconf 87' lang='lat' dir='ltr'><strong>Latini</strong></span> <span class='ocrx_word' id='word_1_127' title='bbox 542 2451 669 2535; x_wconf 83' lang='lat' dir='ltr'><strong>poetae</strong></span> <span class='ocrx_word' id='word_1_128' title='bbox 688 2437 834 2510; x_wconf 84' lang='lat' dir='ltr'><strong>uoluens</strong></span> <span class='ocrx_word' id='word_1_129' title='bbox 866 2462 950 2509; x_wconf 87' lang='lat' dir='ltr'><strong>eum</strong></span> <span class='ocrx_word' id='word_1_130' title='bbox 982 2451 1136 2510; x_wconf 83' lang='lat' dir='ltr'><strong>metrum</strong></span> <span class='ocrx_word' id='word_1_131' title='bbox 1174 2436 1303 2535; x_wconf 88' lang='lat' dir='ltr'><strong>poscit,</strong></span> <span class='ocrx_word' id='word_1_132' title='bbox 1340 2461 1443 2510; x_wconf 89' lang='lat' dir='ltr'><strong>secus</strong></span> 
     </span>
     <span class='ocr_line' id='line_1_17' title="bbox 270 2551 1441 2651; baseline -0.003 -24"><span class='ocrx_word' id='word_1_133' title='bbox 270 2553 478 2643; x_wconf 83' lang='lat' dir='ltr'><strong>uoluendus,</strong></span> <span class='ocrx_word' id='word_1_134' title='bbox 523 2578 666 2651; x_wconf 86' lang='lat' dir='ltr'><strong>semper</strong></span> <span class='ocrx_word' id='word_1_135' title='bbox 702 2552 903 2625; x_wconf 88' lang='lat' dir='ltr'><strong>adhibent:</strong></span> <span class='ocrx_word' id='word_1_136' title='bbox 942 2577 1027 2625; x_wconf 88' lang='lat' dir='ltr'><strong>nam</strong></span> <span class='ocrx_word' id='word_1_137' title='bbox 1058 2552 1260 2650; x_wconf 77' lang='lat' dir='ltr'><strong>Vergiliae,</strong></span> <span class='ocrx_word' id='word_1_138' title='bbox 1301 2552 1335 2621; x_wconf 91' lang='lat' dir='ltr'><strong>in</strong></span> <span class='ocrx_word' id='word_1_139' title='bbox 1370 2551 1441 2624; x_wconf 87' lang='lat' dir='ltr'><strong>fine</strong></span> 
     </span>
     <span class='ocr_line' id='line_1_18' title="bbox 268 2667 1442 2768; baseline -0.002 -27"><span class='ocrx_word' id='word_1_140' title='bbox 268 2669 372 2743; x_wconf 87' lang='lat' dir='ltr'><strong>metri</strong></span> <span class='ocrx_word' id='word_1_141' title='bbox 389 2668 568 2742; x_wconf 82' lang='lat' dir='ltr'><strong>uoluentie</strong></span> <span class='ocrx_word' id='word_1_142' title='bbox 580 2669 767 2768; x_wconf 82' lang='lat' dir='ltr'><strong>plaustra,</strong></span> <span class='ocrx_word' id='word_1_143' title='bbox 790 2667 1015 2741; x_wconf 83' lang='lat' dir='ltr'><strong>uoluentibus</strong></span> <span class='ocrx_word' id='word_1_144' title='bbox 1034 2667 1141 2740; x_wconf 83' lang='lat' dir='ltr'><strong>annis</strong></span> <span class='ocrx_word' id='word_1_145' title='bbox 1161 2667 1258 2740; x_wconf 86' lang='lat' dir='ltr'><strong>dicit.</strong></span> <span class='ocrx_word' id='word_1_146' title='bbox 1278 2670 1325 2740; x_wconf 82' lang='lat' dir='ltr'><strong>At</strong></span> <span class='ocrx_word' id='word_1_147' title='bbox 1342 2668 1442 2740; x_wconf 90' lang='lat' dir='ltr'><strong>salua</strong></span> 
     </span>
     <span class='ocr_line' id='line_1_19' title="bbox 268 2782 1442 2882; baseline -0.003 -23"><span class='ocrx_word' id='word_1_148' title='bbox 268 2788 407 2861; x_wconf 88' lang='lat' dir='ltr'><strong>ratione</strong></span> <span class='ocrx_word' id='word_1_149' title='bbox 427 2785 575 2859; x_wconf 88' lang='lat' dir='ltr'><strong>metrica</strong></span> <span class='ocrx_word' id='word_1_150' title='bbox 594 2808 676 2857; x_wconf 91' lang='lat' dir='ltr'><strong>cum</strong></span> <span class='ocrx_word' id='word_1_151' title='bbox 699 2796 822 2882; x_wconf 90' lang='lat' dir='ltr'><strong>posset</strong></span> <span class='ocrx_word' id='word_1_152' title='bbox 836 2783 1023 2856; x_wconf 83' lang='lat' dir='ltr'><strong>Lueretius</strong></span> <span class='ocrx_word' id='word_1_153' title='bbox 1045 2808 1063 2853; x_wconf 81' lang='grc' dir='ltr'>ο</span> <span class='ocrx_word' id='word_1_154' title='bbox 1081 2783 1260 2856; x_wconf 85' lang='lat' dir='ltr'><strong>uoluens»</strong></span> <span class='ocrx_word' id='word_1_155' title='bbox 1284 2782 1442 2855; x_wconf 87' lang='lat' dir='ltr'><strong>inserere</strong></span> 
     </span>
     <span class='ocr_line' id='line_1_20' title="bbox 271 2899 741 2996; baseline -0.013 -21"><span class='ocrx_word' id='word_1_156' title='bbox 271 2899 741 2996; x_wconf 47' lang='lat' dir='ltr'><strong>mmmmmm:</strong></span> 
     </span>
    </p>
   </div>
   <div class='ocr_carea' id='block_1_4' title="bbox 329 3067 1360 3151">
    <p class='ocr_par' dir='ltr' id='par_1_4' title="bbox 329 3067 1360 3151">
     <span class='ocr_line' id='line_1_21' title="bbox 329 3067 1360 3151; baseline -0.003 -20"><span class='ocrx_word' id='word_1_157' title='bbox 329 3070 380 3132; x_wconf 88' lang='lat' dir='ltr'><strong>Sic</strong></span> <span class='ocrx_word' id='word_1_158' title='bbox 394 3069 525 3132; x_wconf 90' lang='lat' dir='ltr'><strong>uoleuda</strong></span> <span class='ocrx_word' id='word_1_159' title='bbox 537 3078 620 3130; x_wconf 85' lang='lat' dir='ltr'><strong>aetas</strong></span> <span class='ocrx_word' id='word_1_160' title='bbox 634 3077 948 3151; x_wconf 85' lang='lat' dir='ltr'><strong>eommutattempora</strong></span> <span class='ocrx_word' id='word_1_161' title='bbox 963 3088 1066 3128; x_wconf 91' lang='lat' dir='ltr'><strong>rerum</strong></span> <span class='ocrx_word' id='word_1_162' title='bbox 1080 3067 1133 3148; x_wconf 89' lang='lat' dir='ltr'><strong>(N.</strong></span> <span class='ocrx_word' id='word_1_163' title='bbox 1148 3067 1188 3130; x_wconf 78' lang='lat' dir='ltr'><strong>R.</strong></span> <span class='ocrx_word' id='word_1_164' title='bbox 1206 3090 1234 3142; x_wconf 91' lang='lat' dir='ltr'><strong>v,</strong></span> <span class='ocrx_word' id='word_1_165' title='bbox 1261 3068 1360 3147; x_wconf 72' lang='lat'>1274).</span> 
     </span>
    </p>
   </div>
   <div class='ocr_carea' id='block_1_5' title="bbox 269 3219 1443 3783">
    <p class='ocr_par' dir='ltr' id='par_1_5' title="bbox 269 3219 1443 3412">
     <span class='ocr_line' id='line_1_22' title="bbox 320 3219 1443 3321; baseline -0.003 -25"><span class='ocrx_word' id='word_1_166' title='bbox 320 3223 433 3321; x_wconf 80' lang='lat' dir='ltr'><strong>lgitur</strong></span> <span class='ocrx_word' id='word_1_167' title='bbox 468 3222 621 3295; x_wconf 86' lang='lat' dir='ltr'><strong>testibus</strong></span> <span class='ocrx_word' id='word_1_168' title='bbox 652 3219 809 3293; x_wconf 87' lang='lat' dir='ltr'><strong>Romani</strong></span> <span class='ocrx_word' id='word_1_169' title='bbox 847 3220 1017 3293; x_wconf 85' lang='lat' dir='ltr'><strong>carminis</strong></span> <span class='ocrx_word' id='word_1_170' title='bbox 1048 3220 1207 3319; x_wconf 85' lang='lat' dir='ltr'><strong>antiquis</strong></span> <span class='ocrx_word' id='word_1_171' title='bbox 1247 3220 1443 3293; x_wconf 85' lang='lat' dir='ltr'><strong>uoluendus</strong></span> 
     </span>
     <span class='ocr_line' id='line_1_23' title="bbox 269 3337 702 3412; baseline -0.009 0"><span class='ocrx_word' id='word_1_172' title='bbox 269 3338 386 3412; x_wconf 82' lang='lat' dir='ltr'><strong>forma</strong></span> <span class='ocrx_word' id='word_1_173' title='bbox 410 3338 527 3411; x_wconf 89' lang='lat' dir='ltr'><strong>media</strong></span> <span class='ocrx_word' id='word_1_174' title='bbox 546 3337 702 3411; x_wconf 83' lang='lat' dir='ltr'><strong>uidetur.</strong></span> 
     </span>
    </p>

    <p class='ocr_par' dir='ltr' id='par_1_6' title="bbox 270 3451 1443 3783">
     <span class='ocr_line' id='line_1_24' title="bbox 320 3451 1441 3551; baseline -0.004 -25"><span class='ocrx_word' id='word_1_175' title='bbox 320 3456 394 3527; x_wconf 91' lang='lat' dir='ltr'><strong>lam</strong></span> <span class='ocrx_word' id='word_1_176' title='bbox 413 3452 591 3525; x_wconf 83' lang='lat' dir='ltr'><strong>oriundus</strong></span> <span class='ocrx_word' id='word_1_177' title='bbox 622 3451 784 3551; x_wconf 89' lang='lat' dir='ltr'><strong>plerique</strong></span> <span class='ocrx_word' id='word_1_178' title='bbox 811 3451 1009 3550; x_wconf 78' lang='lat' dir='ltr'><strong>etymologi</strong></span> <span class='ocrx_word' id='word_1_179' title='bbox 1033 3451 1077 3525; x_wconf 89' lang='lat' dir='ltr'><strong>ad</strong></span> <span class='ocrx_word' id='word_1_180' title='bbox 1109 3452 1260 3526; x_wconf 89' lang='lat' dir='ltr'><strong>eandem</strong></span> <span class='ocrx_word' id='word_1_181' title='bbox 1293 3452 1441 3549; x_wconf 86' lang='lat' dir='ltr'><strong>stirpem</strong></span> 
     </span>
     <span class='ocr_line' id='line_1_25' title="bbox 271 3567 1443 3666; baseline -0.003 -26"><span class='ocrx_word' id='word_1_182' title='bbox 271 3568 443 3659; x_wconf 80' lang='lat' dir='ltr'><strong>referunt,</strong></span> <span class='ocrx_word' id='word_1_183' title='bbox 466 3567 560 3642; x_wconf 92' lang='lat' dir='ltr'><strong>unde</strong></span> <span class='ocrx_word' id='word_1_184' title='bbox 590 3580 696 3665; x_wconf 82' lang='grc' dir='ltr'>ὄμνυμι</span> <span class='ocrx_word' id='word_1_185' title='bbox 723 3580 890 3663; x_wconf 88' lang='lat' dir='ltr'><strong>repetunt</strong></span> <span class='ocrx_word' id='word_1_186' title='bbox 922 3593 930 3639; x_wconf 73' lang='grc' dir='ltr'>ε</span> <span class='ocrx_word' id='word_1_187' title='bbox 965 3581 1061 3639; x_wconf 84' lang='lat' dir='ltr'><strong>certe</strong></span> <span class='ocrx_word' id='word_1_188' title='bbox 1090 3568 1187 3666; x_wconf 91' lang='lat' dir='ltr'><strong>quod</strong></span> <span class='ocrx_word' id='word_1_189' title='bbox 1220 3568 1265 3640; x_wconf 91' lang='lat' dir='ltr'><strong>ad</strong></span> <span class='ocrx_word' id='word_1_190' title='bbox 1297 3592 1443 3639; x_wconf 89' lang='lat' dir='ltr'><strong>sensum</strong></span> 
     </span>
     <span class='ocr_line' id='line_1_26' title="bbox 270 3681 1440 3783; baseline -0.002 -27"><span class='ocrx_word' id='word_1_191' title='bbox 270 3684 438 3783; x_wconf 83' lang='lat' dir='ltr'><strong>pertinet,</strong></span> <span class='ocrx_word' id='word_1_192' title='bbox 457 3709 528 3756; x_wconf 91' lang='lat' dir='ltr'><strong>non</strong></span> <span class='ocrx_word' id='word_1_193' title='bbox 548 3682 593 3755; x_wconf 91' lang='lat' dir='ltr'><strong>ad</strong></span> <span class='ocrx_word' id='word_1_194' title='bbox 609 3684 695 3780; x_wconf 80' lang='grc' dir='ltr'>ὁρννς</span> <span class='ocrx_word' id='word_1_195' title='bbox 712 3684 775 3756; x_wconf 90' lang='lat' dir='ltr'><strong>sed</strong></span> <span class='ocrx_word' id='word_1_196' title='bbox 794 3683 840 3755; x_wconf 90' lang='lat' dir='ltr'><strong>ad</strong></span> <span class='ocrx_word' id='word_1_197' title='bbox 860 3683 1022 3779; x_wconf 78' lang='grc' dir='ltr'>ὀρνύμενος</span> <span class='ocrx_word' id='word_1_198' title='bbox 1037 3681 1264 3756; x_wconf 85' lang='lat' dir='ltr'><strong>referendum</strong></span> <span class='ocrx_word' id='word_1_199' title='bbox 1287 3682 1440 3755; x_wconf 89' lang='lat' dir='ltr'><strong>uidetur.</strong></span> 
     </span>
    </p>
   </div>
   <div class='ocr_carea' id='block_1_6' title="bbox 271 3814 1445 4493">
    <p class='ocr_par' dir='ltr' id='par_1_7' title="bbox 271 3814 1445 4493">
     <span class='ocr_line' id='line_1_27' title="bbox 322 3814 1444 3915; baseline -0.002 -26"><span class='ocrx_word' id='word_1_200' title='bbox 322 3816 485 3915; x_wconf 88' lang='lat' dir='ltr'><strong>Denique</strong></span> <span class='ocrx_word' id='word_1_201' title='bbox 519 3814 695 3889; x_wconf 79' lang='lat' dir='ltr'><strong>secundus</strong></span> <span class='ocrx_word' id='word_1_202' title='bbox 726 3814 884 3887; x_wconf 83' lang='lat' dir='ltr'><strong>maxime</strong></span> <span class='ocrx_word' id='word_1_203' title='bbox 922 3814 1005 3887; x_wconf 88' lang='lat' dir='ltr'><strong>huie</strong></span> <span class='ocrx_word' id='word_1_204' title='bbox 1037 3814 1234 3888; x_wconf 86' lang='lat' dir='ltr'><strong>sententiae</strong></span> <span class='ocrx_word' id='word_1_205' title='bbox 1263 3815 1379 3905; x_wconf 88' lang='lat' dir='ltr'><strong>fauet,</strong></span> <span class='ocrx_word' id='word_1_206' title='bbox 1410 3830 1444 3888; x_wconf 90' lang='lat' dir='ltr'><strong>et</strong></span> 
     </span>
     <span class='ocr_line' id='line_1_28' title="bbox 271 3929 1445 4028; baseline -0.002 -24"><span class='ocrx_word' id='word_1_207' title='bbox 271 3932 460 4011; x_wconf 85' lang='lat' dir='ltr'><strong>nobiscum</strong></span> <span class='ocrx_word' id='word_1_208' title='bbox 477 3930 573 4004; x_wconf 86' lang='lat' dir='ltr'><strong>lacit.</strong></span> <span class='ocrx_word' id='word_1_209' title='bbox 596 3930 712 4004; x_wconf 88' lang='lat' dir='ltr'><strong>Testis</strong></span> <span class='ocrx_word' id='word_1_210' title='bbox 740 3930 837 4003; x_wconf 90' lang='lat' dir='ltr'><strong>enim</strong></span> <span class='ocrx_word' id='word_1_211' title='bbox 864 3944 918 4002; x_wconf 86' lang='lat' dir='ltr'><strong>est</strong></span> <span class='ocrx_word' id='word_1_212' title='bbox 946 3929 1037 4002; x_wconf 88' lang='lat' dir='ltr'><strong>inter</strong></span> <span class='ocrx_word' id='word_1_213' title='bbox 1057 3955 1183 4003; x_wconf 91' lang='lat' dir='ltr'><strong>omnes</strong></span> <span class='ocrx_word' id='word_1_214' title='bbox 1203 3930 1385 4028; x_wconf 62' lang='lat' dir='ltr'><strong>egregius</strong></span> <span class='ocrx_word' id='word_1_215' title='bbox 1410 3944 1445 4002; x_wconf 84' lang='lat' dir='ltr'><strong>et</strong></span> 
     </span>
     <span class='ocr_line' id='line_1_29' title="bbox 271 4045 1445 4147; baseline -0.003 -27"><span class='ocrx_word' id='word_1_216' title='bbox 271 4048 368 4147; x_wconf 87' lang='lat' dir='ltr'><strong>quod</strong></span> <span class='ocrx_word' id='word_1_217' title='bbox 401 4045 663 4145; x_wconf 87' lang='lat' dir='ltr'><strong>antiquissimis</strong></span> <span class='ocrx_word' id='word_1_218' title='bbox 695 4045 940 4119; x_wconf 89' lang='lat' dir='ltr'><strong>monumentis</strong></span> <span class='ocrx_word' id='word_1_219' title='bbox 964 4058 1127 4144; x_wconf 85' lang='lat' dir='ltr'><strong>apparet,</strong></span> <span class='ocrx_word' id='word_1_220' title='bbox 1159 4059 1195 4118; x_wconf 87' lang='lat' dir='ltr'><strong>et</strong></span> <span class='ocrx_word' id='word_1_221' title='bbox 1229 4046 1325 4143; x_wconf 90' lang='lat' dir='ltr'><strong>qued</strong></span> <span class='ocrx_word' id='word_1_222' title='bbox 1354 4070 1445 4144; x_wconf 91' lang='lat' dir='ltr'><strong>quas</strong></span> 
     </span>
     <span class='ocr_line' id='line_1_30' title="bbox 271 4160 1444 4261; baseline -0.004 -26"><span class='ocrx_word' id='word_1_223' title='bbox 271 4161 500 4261; x_wconf 80' lang='lat' dir='ltr'><strong>significandi</strong></span> <span class='ocrx_word' id='word_1_224' title='bbox 535 4161 632 4234; x_wconf 87' lang='lat' dir='ltr'><strong>uices</strong></span> <span class='ocrx_word' id='word_1_225' title='bbox 658 4161 824 4234; x_wconf 86' lang='lat' dir='ltr'><strong>habuerit</strong></span> <span class='ocrx_word' id='word_1_226' title='bbox 856 4160 944 4234; x_wconf 87' lang='lat' dir='ltr'><strong>satis</strong></span> <span class='ocrx_word' id='word_1_227' title='bbox 971 4175 1097 4233; x_wconf 87' lang='lat' dir='ltr'><strong>notum</strong></span> <span class='ocrx_word' id='word_1_228' title='bbox 1131 4174 1198 4233; x_wconf 87' lang='lat' dir='ltr'><strong>est.</strong></span> <span class='ocrx_word' id='word_1_229' title='bbox 1229 4160 1444 4259; x_wconf 85' lang='lat' dir='ltr'><strong>Exemplum</strong></span> 
     </span>
     <span class='ocr_line' id='line_1_31' title="bbox 273 4274 1445 4375; baseline -0.003 -24"><span class='ocrx_word' id='word_1_230' title='bbox 273 4278 372 4351; x_wconf 88' lang='lat' dir='ltr'><strong>uocis</strong></span> <span class='ocrx_word' id='word_1_231' title='bbox 384 4276 568 4375; x_wconf 77' lang='lat' dir='ltr'><strong>eLepibus</strong></span> <span class='ocrx_word' id='word_1_232' title='bbox 577 4275 692 4374; x_wconf 71' lang='lat' dir='ltr'><strong>replis</strong></span> <span class='ocrx_word' id='word_1_233' title='bbox 701 4276 852 4373; x_wconf 86' lang='lat' dir='ltr'><strong>petitum</strong></span> <span class='ocrx_word' id='word_1_234' title='bbox 868 4275 940 4347; x_wconf 89' lang='lat' dir='ltr'><strong>iam</strong></span> <span class='ocrx_word' id='word_1_235' title='bbox 956 4289 1038 4349; x_wconf 88' lang='lat' dir='ltr'><strong>ante</strong></span> <span class='ocrx_word' id='word_1_236' title='bbox 1049 4274 1445 4373; x_wconf 82' lang='lat' dir='ltr'><strong>protulimus(secunda</strong></span> 
     </span>
     <span class='ocr_line' id='line_1_32' title="bbox 273 4391 950 4493; baseline -0.007 -27"><span class='ocrx_word' id='word_1_237' title='bbox 273 4392 408 4493; x_wconf 81' lang='lat' dir='ltr'><strong>spolia)</strong></span> <span class='ocrx_word' id='word_1_238' title='bbox 431 4392 563 4491; x_wconf 91' lang='lat' dir='ltr'><strong>quibus</strong></span> <span class='ocrx_word' id='word_1_239' title='bbox 582 4392 651 4463; x_wconf 89' lang='lat' dir='ltr'><strong>hee</strong></span> <span class='ocrx_word' id='word_1_240' title='bbox 671 4391 765 4462; x_wconf 87' lang='lat' dir='ltr'><strong>Enni</strong></span> <span class='ocrx_word' id='word_1_241' title='bbox 789 4391 919 4464; x_wconf 89' lang='lat' dir='ltr'><strong>addam</strong></span> <span class='ocrx_word' id='word_1_242' title='bbox 942 4416 950 4462; x_wconf 75' lang='grc' dir='ltr'>ε</span> 
     </span>
    </p>
   </div>
   <div class='ocr_carea' id='block_1_7' title="bbox 473 4569 1263 4751">
    <p class='ocr_par' dir='ltr' id='par_1_8' title="bbox 473 4569 1263 4751">
     <span class='ocr_line' id='line_1_33' title="bbox 473 4569 1104 4649; baseline -0.005 -15"><span class='ocrx_word' id='word_1_243' title='bbox 473 4573 551 4634; x_wconf 85' lang='lat' dir='ltr'><strong>Sita</strong></span> <span class='ocrx_word' id='word_1_244' title='bbox 572 4571 714 4635; x_wconf 81' lang='lat' dir='ltr'><strong>secundo</strong></span> <span class='ocrx_word' id='word_1_245' title='bbox 737 4570 853 4633; x_wconf 90' lang='lat' dir='ltr'><strong>lumine</strong></span> <span class='ocrx_word' id='word_1_246' title='bbox 873 4570 923 4632; x_wconf 87' lang='lat' dir='ltr'><strong>hie</strong></span> <span class='ocrx_word' id='word_1_247' title='bbox 940 4569 1104 4649; x_wconf 83' lang='lat' dir='ltr'><strong>offendero,</strong></span> 
     </span>
     <span class='ocr_line' id='line_1_34' title="bbox 473 4668 1263 4751; baseline 0.001 -21"><span class='ocrx_word' id='word_1_248' title='bbox 473 4669 612 4733; x_wconf 88' lang='lat' dir='ltr'><strong>Moriere.</strong></span> <span class='ocrx_word' id='word_1_249' title='bbox 636 4670 729 4747; x_wconf 83' lang='lat' dir='ltr'><strong>(Eun.</strong></span> <span class='ocrx_word' id='word_1_250' title='bbox 749 4668 836 4732; x_wconf 82' lang='lat' dir='ltr'><strong>Med.</strong></span> <span class='ocrx_word' id='word_1_251' title='bbox 861 4668 974 4751; x_wconf 82' lang='lat' dir='ltr'><strong>fragm.</strong></span> <span class='ocrx_word' id='word_1_252' title='bbox 999 4690 1041 4741; x_wconf 73' lang='lat' dir='ltr'><strong>xl,</strong></span> <span class='ocrx_word' id='word_1_253' title='bbox 1058 4690 1087 4728; x_wconf 85' lang='lat' dir='ltr'><strong>v.</strong></span> <span class='ocrx_word' id='word_1_254' title='bbox 1105 4669 1263 4748; x_wconf 69' lang='lat' dir='ltr'><strong>eqd-275).</strong></span> 
     </span>
    </p>
   </div>
   <div class='ocr_carea' id='block_1_8' title="bbox 323 4828 1446 4929">
    <p class='ocr_par' dir='ltr' id='par_1_9' title="bbox 323 4828 1446 4929">
     <span class='ocr_line' id='line_1_35' title="bbox 323 4828 1446 4929; baseline -0.003 -26"><span class='ocrx_word' id='word_1_255' title='bbox 323 4832 395 4905; x_wconf 90' lang='lat' dir='ltr'><strong>Sed</strong></span> <span class='ocrx_word' id='word_1_256' title='bbox 413 4830 589 4905; x_wconf 81' lang='lat' dir='ltr'><strong>secundus</strong></span> <span class='ocrx_word' id='word_1_257' title='bbox 604 4828 742 4904; x_wconf 80' lang='lat' dir='ltr'><strong>actiuae</strong></span> <span class='ocrx_word' id='word_1_258' title='bbox 756 4855 835 4904; x_wconf 90' lang='lat' dir='ltr'><strong>esse</strong></span> <span class='ocrx_word' id='word_1_259' title='bbox 854 4828 1129 4929; x_wconf 76' lang='lat' dir='ltr'><strong>significationis</strong></span> <span class='ocrx_word' id='word_1_260' title='bbox 1148 4854 1274 4903; x_wconf 88' lang='lat' dir='ltr'><strong>omnes</strong></span> <span class='ocrx_word' id='word_1_261' title='bbox 1292 4852 1446 4902; x_wconf 88' lang='lat' dir='ltr'><strong>eonsen-</strong></span> 
     </span>
    </p>
   </div>
   <div class='ocr_carea' id='block_1_9' title="bbox 0 0 1852 5576">
    <p class='ocr_par' dir='ltr' id='par_1_10' title="bbox 0 0 1852 5576">
     <span class='ocr_line' id='line_1_36' title="bbox 0 0 1852 5576; baseline 0 0"><span class='ocrx_word' id='word_1_262' title='bbox 0 0 1852 5576; x_wconf 95' lang='lat' dir='ltr'><strong> </strong></span> 
     </span>
    </p>
   </div>
  </div>
 </body>
</html>
