3684 5576
604 599 649 644 nn
676 598 865 645 osnuxmvr
889 598 1039 643 rannone
1100 606 1106 616 ·
1366 592 1404 652 t't

233 826 270 895 in
291 804 483 922 praesenti,
503 824 580 897 siue
610 824 646 895 in
670 825 877 921 praeterita,
898 825 975 898 siue
1002 825 1038 895 in
1069 824 1204 915 futuro,
1224 825 1403 899 actionem

236 966 315 1012 eam
347 941 515 1037 designat
546 966 643 1038 quae
672 941 719 1037 fit
751 940 836 1013 dum
871 940 947 1013 ullu
975 940 1047 1036 lit,
1077 939 1194 1012 idest
1227 939 1405 1013 actionem

236 1056 499 1155 imperfectam.
514 1058 637 1154 ltaque
656 1081 737 1129 cum
760 1054 870 1128 futuri
890 1056 998 1128 etiam
1013 1070 1073 1128 aut
1089 1056 1271 1153 praeteriti
1294 1055 1405 1129 uerbo

235 1172 478 1270 coniungitur.
497 1171 557 1245 Sic
571 1172 768 1270 Vergiliae,
787 1173 879 1244 AEn.
898 1198 920 1243 1.
941 1172 1118 1244 minatio:

428 1322 528 1383 Fabor
545 1322 666 1384 enim...

432 1421 570 1504 Longius
584 1433 613 1483 et
629 1421 762 1483 uoluens
778 1421 911 1482 fatorum
927 1441 1039 1483 arcana
1054 1420 1186 1484 monebo
1203 1444 1210 1496 ;

238 1553 290 1626 sic
308 1554 459 1644 Tullius,
477 1555 534 1627 Dc
550 1556 632 1627 Sen.
657 1556 781 1627 1o.55:
811 1650 816 1655 Ι

237 1705 332 1766 Curio
353 1705 391 1766 ad
408 1704 510 1766 iocum
526 1706 641 1768 sedenti
664 1705 817 1768 Samnites
831 1727 981 1789 magnum
996 1705 1064 1767 auri
1086 1705 1206 1789 pondus
1221 1706 1404 1771 attulerunt.

286 1840 433 1929 Contra,
452 1840 680 1940 participium
696 1841 793 1939 quod
809 1840 935 1913 dicunt
952 1840 1219 1938 «praeteritum
1236 1869 1255 1914 u
1278 1865 1410 1913 nomen

236 1970 384 2029 eatenus
414 1957 535 2046 decet,
564 1971 740 2055 quatenus
771 1956 951 2030 actionem
982 1956 1167 2054 designat,
1201 1982 1293 2056 quae
1325 1955 1410 2029 dum

236 2072 312 2144 ulia
337 2072 405 2171 stt,
435 2074 511 2144 siue
540 2073 789 2170 inpraesenti,
821 2073 899 2145 siue
929 2072 965 2144 in
988 2072 1123 2162 futuru,
1143 2072 1221 2146 siue
1246 2073 1284 2144 in
1303 2098 1410 2170 prae-

235 2190 354 2277 terito,
373 2189 445 2260 iam
464 2203 518 2261 est
531 2190 715 2287 perfecto,
734 2188 886 2287 ideoque
901 2188 1111 2288 praeterito
1125 2190 1151 2260 ¹.

286 2303 375 2376 lllud
392 2330 536 2403 quoque
552 2305 820 2377 admonendum
840 2305 1008 2402 estquod
1032 2304 1069 2375 in
1097 2304 1225 2377 Latino
1246 2329 1411 2378 sermone

236 2419 281 2492 ad
314 2421 588 2518 exprimendam
614 2438 761 2493 'meram
797 2421 900 2493 uerbi
931 2419 1258 2518 significationem⁹
1287 2419 1410 2494 iniecti

236 2535 465 2633 participium
486 2535 712 2624 transfertur,
731 2550 771 2609 ut
790 2551 928 2610 ceterae
945 2535 1068 2609 infecti
1088 2536 1189 2609 uerbi
1209 2535 1358 2609 formae.

285 2652 450 2750 Denique
466 2667 521 2725 est
535 2652 632 2750 apud
647 2652 845 2742 Romanos,
865 2665 902 2726 ut
919 2652 1016 2750 apud
1031 2652 1201 2743 GraecoS,
1215 2651 1411 2727 uerborum

236 2793 324 2839 usus
354 2768 501 2867 quidam
531 2768 720 2866 poeticae,
751 2794 823 2867 quo
847 2782 991 2867 tempus
1017 2766 1169 2840 alterum
1200 2793 1266 2865 pro
1299 2768 1410 2841 altero

236 2898 443 2981 usurpatur,
478 2898 516 2957 ut
548 2883 601 2975 fit,
623 2910 705 2956 cum
728 2884 814 2957 dicit
830 2884 1013 2982 Vergilius
1035 2883 1072 2954 in
1095 2883 1254 2956 AEneidc
1275 2885 1407 2982 9265:

239 3025 259 3069 «
277 2999 423 3074 Cratera
443 3001 632 3100 antiquum
652 3025 760 3098 quem
786 2999 851 3073 dat
877 3000 1025 3073 Sidonia
1049 2999 1194 3072 Dido.»
1216 2999 1285 3071 Hic
1312 3000 1409 3073 enim

236 3114 300 3188 dot
326 3116 420 3188 idem
443 3130 497 3189 est
522 3131 629 3215 atque
655 3115 765 3206 dedit,
796 3131 858 3189 aut
884 3115 1045 3189 dederat.

285 3231 383 3304 Haec
419 3232 449 3304 si
488 3232 569 3331 quis
600 3231 771 3322 attendet,
802 3231 930 3305 meiius
965 3230 1151 3329 intelleget
1190 3257 1262 3330 quo
1302 3257 1410 3305 sensu

238 3347 437 3446 accipiendi
465 3348 539 3420 sint
570 3346 653 3436 loci,
681 3348 717 3418 in
738 3348 871 3447 quibus
890 3347 1135 3446 gerundiuum
1154 3347 1279 3420 eodem
1301 3373 1410 3421 sensu

237 3463 323 3561 poni
343 3463 484 3536 uidetur
505 3489 547 3535 ac
559 3463 767 3563 proesentis
782 3463 1025 3562 participium.
1045 3505 1093 3517 -κ
1111 3463 1296 3536 Eiusmodi
1311 3462 1410 3536 locos

236 3605 298 3651 eos
317 3578 555 3677 proferemus,
568 3579 629 3678 qui
641 3593 702 3651 aut
716 3580 751 3650 in
768 3579 1031 3678 antiquissimis
1046 3580 1288 3652 monumentis
1303 3604 1409 3677 repe·

235 3695 391 3783 ciuntur,
413 3709 475 3768 aut
495 3695 545 3766 ita
563 3709 649 3768 sunt
668 3709 706 3767 ut
726 3720 803 3768 rem
827 3695 1050 3794 propositam
1067 3696 1225 3768 maxime
1237 3695 1405 3794 probent.

285 3811 407 3883 Primo
424 3809 503 3883 loco
519 3836 559 3884 ea
577 3809 744 3908 ponenda
769 3825 854 3884 sunt
873 3811 1040 3908 exempla
1057 3836 1148 3909 quae
1163 3812 1407 3909 gerundiuum

238 3924 385 4025 perfecti
414 3926 604 4025 participio
629 3942 867 4024 opponenteS,
890 3942 950 4000 aut
972 3953 1055 4000 cum
1076 3926 1199 3999 infecti
1218 3926 1408 4024 participio

237 4042 512 4140 coniungentes,
534 4042 656 4114 iniecti
676 4043 906 4140 participium
925 4069 1003 4116 esse
1023 4043 1181 4115 maxime
1199 4041 1405 4116 ostendunt.

239 4159 336 4231 Haec
355 4173 475 4231 autem
493 4158 691 4232 maximam
709 4173 848 4257 partem
868 4186 887 4232 e
910 4158 1081 4232 Dosson3
1110 4174 1283 4257 repetam.

270 4532 293 4581 t.
315 4530 358 4581 Cf.
377 4530 425 4588 sis,
451 4528 573 4593 quaeda
590 4543 669 4579 eure
689 4528 804 4593 scripsit
818 4527 933 4587 Meillet,
956 4529 1056 4581 Reoue
1076 4529 1113 4581 cte
1133 4528 1309 4594 Philotoqie
1332 4528 1408 4580 1897:

238 4606 279 4658 De
292 4606 421 4658 t’aoriste
433 4619 469 4656 en
488 4607 574 4663 tatin,
588 4607 683 4662 initio;
697 4608 745 4655 aut
762 4618 833 4668 quae
845 4606 928 4669 posui
940 4607 969 4655 in
982 4607 1052 4656 meis
1062 4604 1154 4657 Notes
1167 4606 1203 4656 cte
1220 4605 1411 4658 Grammatre

239 4682 332 4734 iatine
350 4683 406 4745 (ch.
426 4686 479 4744 uit.
500 4683 589 4739 Paris,
608 4682 678 4733 1898.

269 4765 294 4814 2.
317 4762 394 4821 Quod
411 4776 463 4813 nos
481 4762 600 4813 dicimus
620 4779 632 4809 u
650 4762 761 4813 l'aetion
778 4761 892 4811 verbale
909 4774 977 4825 pure
999 4768 1025 4811 et
1049 4761 1149 4825 simple
1165 4779 1190 4810 x.
1214 4760 1255 4811 Ci.
1278 4761 1412 4811 Risuinn

239 4844 268 4890 et
284 4838 423 4897 Gonnum,
441 4838 577 4890 (irarum.
597 4850 694 4902 comp.
717 4850 746 4897 n,
759 4841 771 4897 t
784 4838 903 4889 tta-219.

270 4921 296 4971 3.
311 4920 435 4975 Dossos,
455 4919 476 4971 t.
495 4932 522 4970 ο.
546 4931 576 4982 p.
594 4919 677 4969 30-31.

1360 5029 1374 5072 3
