3684 5576
664 604 708 648 ns
732 602 876 650 nonore
902 600 1023 648 rurum
1385 592 1424 653 53

260 826 457 901 refellimus
471 828 528 921 (cl.
548 830 576 901 l.
597 855 628 903 c.
646 856 682 902 11.
702 856 737 928 p.
760 832 801 902 15
820 830 901 928 sql.
925 830 1057 920 Decio,
1077 855 1169 930 quae
1184 856 1203 903 e
1217 828 1429 929 grammati·

259 968 383 1017 corum
404 945 613 1018 auctoritate
633 946 734 1044 petit,
756 928 852 1019 nunc
870 945 1060 1019 dicendum
1081 961 1146 1019 est.

307 1070 352 1140 Α.
390 1112 435 1124 -
469 1070 646 1144 Prouocat
684 1070 781 1143 enim
820 1070 1052 1143 doctissimus
1089 1071 1145 1143 uir
1183 1070 1227 1144 ad
1266 1085 1427 1145 ueterum

259 1185 578 1283 grammaticorum
600 1186 848 1259 auctoritatem
872 1212 890 1256 a·
913 1185 983 1279 Qui
1011 1211 1150 1277 omnes,
1178 1186 1251 1259 ait¹
1272 1212 1292 1258 a
1317 1187 1428 1260 Com-

260 1301 419 1373 miniano
441 1327 546 1400 quem
568 1302 691 1375 laudat
708 1302 906 1391 Charisius,
934 1327 1015 1375 cum
1043 1303 1087 1376 de
1117 1302 1225 1376 modo
1251 1303 1429 1400 partiendi

259 1431 293 1489 et
326 1417 537 1490 nominandi
568 1418 769 1517 participia,
794 1432 870 1491 tum
901 1417 945 1492 de
976 1419 1055 1492 loco
1092 1419 1203 1491 futuri
1238 1418 1428 1517 participio

261 1533 407 1631 pessino
430 1533 663 1631 assignando,
695 1535 936 1609 consentiunt.
964 1563 983 1608 n
1008 1537 1051 1608 Et
1073 1535 1111 1607 in
1136 1535 1428 1609 annotatiuncula

261 1664 423 1723 ueterum
442 1650 761 1748 grammaticorum
781 1651 927 1724 nomina
947 1652 1095 1750 profert.

310 1774 381 1846 Sed
415 1774 545 1848 borum
586 1791 748 1848 ueterum
786 1802 906 1867 nemo,
940 1802 1007 1849 nec
1042 1777 1119 1875 ipse
1156 1776 1326 1867 probust,
1348 1790 1430 1849 ante

260 1891 405 1963 tertium
433 1905 515 1988 post
533 1891 717 1966 Christum
740 1894 901 1966 seculum
919 1892 999 1966 fuit.
1028 1894 1076 1966 At
1095 1919 1137 1966 ea
1156 1907 1271 1966 aetate
1289 1919 1427 1991 gerun-

261 2005 386 2078 diuum
411 2006 520 2079 futuri
547 2008 729 2082 notionem
751 2023 1009 2107 assumpserat,
1031 2023 1067 2082 et
1088 2009 1167 2082 loco
1190 2009 1368 2107 participii
1392 2009 1429 2081 in

260 2148 340 2196 -um
371 2122 423 2195 iri
443 2123 639 2197 desinentis
663 2125 913 2199 adhibebatur.
943 2126 1041 2198 Haec
1062 2151 1144 2198 cum
1163 2124 1212 2198 ita
1236 2124 1324 2214 sint,
1349 2125 1430 2224 quis

261 2237 410 2313 miretur
425 2239 505 2312 illos
520 2241 789 2337 grammaticos
807 2255 930 2340 aptum
945 2241 1027 2313 usui
1037 2241 1099 2340 qui
1114 2255 1201 2314 tunc
1214 2240 1279 2313 fuit
1292 2266 1430 2338 gerun-

261 2355 336 2428 diui
355 2380 488 2430 nomeu
511 2357 696 2451 addentes,
713 2357 943 2456 participium
971 2356 1081 2430 futuri
1110 2357 1244 2454 passini
1273 2356 1430 2430 dixisse?

311 2473 434 2571 ltaque
453 2472 564 2545 miror
586 2473 701 2546 eidem
725 2473 955 2546 Weisweiler
973 2473 1088 2546 uideri
1108 2472 1333 2545 Priscianum
1354 2473 1428 2544 nim

261 2587 440 2686 participii
464 2588 575 2661 futuri
598 2589 841 2688 principalem
869 2589 906 2661 in
934 2589 1137 2687 gerundiuo
1162 2587 1307 2678 habere,
1331 2588 1429 2686 quod

262 2718 453 2803 postquam
494 2704 595 2777 uerbi
634 2706 823 2803 participia
856 2705 1095 2778 recensuisset
1128 2718 1310 2803 quattuor,
1343 2705 1431 2777 haec

262 2820 439 2894 addiderit
470 2846 489 2891 «
514 2821 637 2893 omnia
665 2836 784 2895 tamen
807 2822 844 2893 in
873 2821 986 2894 -nclus
1016 2821 1216 2894 desinentia
1243 2820 1431 2918 participia

262 2936 386 3008 eadem
411 2936 518 3009 etiam
538 2937 685 3010 nomina
705 2963 783 3011 esse
801 2951 954 3036 possunt
971 2963 1053 3010 cum
1077 2937 1248 3009 amittunt
1272 2950 1428 3034 ternpuS,

264 3064 301 3124 ut
320 3052 513 3144 amandus,
547 3060 844 3152 tpziahcctpavcc,
867 3068 901 3127 et
927 3060 941 3125 ὁ
972 3064 1127 3152 pituitae.
1154 3080 1173 3124 »
1202 3051 1299 3123 Nihil
1333 3052 1429 3125 enim

262 3169 535 3266 grammaticuS,
557 3170 644 3243 dum
665 3170 714 3241 ita
738 3169 908 3268 loquitur,
933 3170 1081 3260 indicat,
1099 3168 1169 3240 nisi
1188 3168 1263 3241 suis
1288 3182 1431 3266 tempo-

262 3285 364 3357 ribus
382 3285 586 3382 gerundiuo
602 3286 712 3359 futuri
728 3286 911 3359 notionem
927 3285 1144 3358 adhaesisse.

312 3409 383 3482 Sed
400 3434 464 3482 nec
478 3409 524 3481 ab
540 3410 656 3499 initi0,
674 3435 741 3483 nec
756 3409 940 3483 Ciceronis
956 3410 1102 3509 quidem
1118 3423 1245 3501 aetate,
1260 3410 1309 3483 ita
1320 3409 1432 3482 luisse

263 3525 451 3598 confirmat
474 3526 575 3599 testis
600 3526 693 3599 inter
722 3551 847 3599 omnes
875 3526 1047 3624 locuples.
1070 3526 1163 3598 Nam
1185 3525 1432 3623 grammaticis

264 3641 346 3729 illis,
371 3654 409 3712 ut
423 3640 513 3731 uult,
535 3641 692 3740 antiquis
705 3642 900 3740 antiquior,
916 3641 1031 3715 doctis
1050 3641 1201 3731 doctior,
1223 3641 1431 3740 quinetiam

297 4007 320 4056 t.
340 4006 541 4064 Wniswumnn,
560 4005 581 4057 t.
603 4004 624 4056 l.
645 4019 674 4070 p.
691 4006 715 4063 6,
732 4018 762 4055 n.
783 4006 792 4055 t
811 4020 817 4054 :
837 4004 1006 4055 «charisius
1022 4016 1074 4069 ip.
1097 4003 1183 4056 1801<
1202 4018 1208 4053 :
1224 4003 1433 4054 comminianus

264 4084 462 4147 grammaticus
479 4082 519 4132 ita
536 4081 569 4132 de
585 4082 735 4146 participio
751 4081 874 4132 breuiter
889 4081 992 4131 refert:
1015 4079 1235 4144 ...participia...
1252 4080 1401 4130 trahuntur
1416 4094 1434 4130 a

265 4158 350 4209 uerbo
366 4159 459 4209 actiuo
477 4157 540 4216 duo,
555 4158 711 4220 praesentis
728 4158 862 4221 temporis
877 4159 905 4206 et
921 4156 1016 4216 futuri,
1034 4160 1065 4206 ut
1082 4155 1220 4212 scribens.
1234 4156 1399 4219 scripturus,
1418 4170 1435 4206 a

263 4235 379 4299 passiuc
401 4234 465 4289 duo,
485 4234 627 4297 praeteriti
646 4235 780 4298 temporis
802 4239 830 4283 et
847 4233 943 4293 futuri,
967 4236 997 4282 ut
1012 4232 1142 4296 scriptus,
1165 4230 1341 4282 scribendus.
1362 4232 1429 4295 Vgl.

265 4325 294 4374 p.
322 4311 389 4361 169:
416 4309 565 4373 participia
588 4311 732 4374 praeteriti
756 4310 863 4372 passini
889 4312 1009 4367 amotus,
1034 4308 1120 4358 laturi
1146 4306 1293 4358 amandus.
1321 4306 1433 4357 Ebenao

263 4385 413 4438 Diomedes
428 4386 468 4436 ib.
485 4399 514 4448 p.
531 4385 577 4437 ⁴00
589 4399 616 4435 u.
632 4399 656 4436 a.
671 4387 715 4447 St3
730 4385 901 4443 Priscianus,
917 4383 951 4436 G.
973 4383 1007 4435 L.
1020 4384 1054 4433 K.
1070 4383 1154 4434 uniti
1169 4399 1175 4444 ;
1193 4382 1302 4434 Probus
1316 4383 1408 4435 mita
1427 4399 1433 4446 ;

265 4463 400 4519 Donatus,
417 4460 455 4511 ib.
473 4474 500 4524 p.
516 4461 582 4520 3633
600 4460 723 4519 Seruius,
742 4474 771 4525 p.
787 4462 853 4522 4173
869 4460 1029 4519 Cledonius,
1044 4460 1068 4511 V
1085 4461 1156 4511 itu.
1176 4460 1216 4510 ta.

296 4542 322 4592 t.
343 4541 413 4591 Nam
430 4541 477 4603 qui
497 4540 586 4598 locus,
604 4540 700 4591 addito
718 4544 778 4591 eius
797 4540 919 4600 nomine,
938 4539 1086 4598 indicatur,
1104 4538 1433 4599 scilicetKnrr.‚1v.138‚

267 4617 291 4667 is
304 4617 383 4667 locus
400 4618 436 4667 ad
457 4615 601 4671 Instituta
624 4617 747 4681 pertinet
766 4617 916 4682 dequibus
937 4615 1007 4665 baec
1025 4615 1096 4665 ΚΕΗ,
1119 4616 1237 4677 trvuxxt
1253 4629 1259 4663 :
1278 4613 1436 4664 «Instituta

267 4695 377 4753 artium,
393 4692 493 4756 inquit,
510 4692 665 4743 recentiore
681 4697 771 4744 aetate
786 4694 814 4743 in
829 4705 930 4744 nouem
947 4691 1073 4748 sormam,
1092 4704 1162 4754 quae
1177 4694 1206 4741 et
1217 4690 1253 4740 ad
1270 4689 1434 4753 posterioris

266 4768 402 4833 temporis
426 4768 586 4825 utilitatem,
615 4771 643 4819 et
668 4769 702 4819 ad
725 4770 831 4833 primae
856 4769 970 4830 linguae
996 4768 1201 4817 institutionem
1224 4765 1434 4816 accommodata

267 4848 342 4895 esset
364 4844 478 4894 redacta
497 4850 604 4896 sunt...
629 4844 718 4895 multa
737 4844 901 4895 uetustioris
917 4842 1061 4895 doctrinae
1079 4844 1130 4906 (aa.
1148 4841 1232 4894 Probi
1249 4841 1386 4905 Berytaet,
1403 4840 1434 4889 in

264 4919 424 4974 Catholicis
444 4919 542 4973 relicta
558 4924 632 4984 suut,
644 4934 736 4986 pauca
749 4920 778 4971 in
790 4919 956 4974 institutis.
