3684 5576
589 1329 742 1419 PARS
776 1327 1106 1419 POSTERIOR

444 1610 800 1697 os‚GuRUN01v1
825 1609 923 1683 USU
949 1608 1256 1683 RECENTlORE

313 2096 578 2186 Gerundiuum,
600 2095 636 2167 in
664 2095 780 2193 priore
801 2094 909 2168 huius
932 2094 1043 2168 libelli
1068 2109 1182 2194 parte,
1202 2093 1313 2169 luisse
1334 2095 1436 2170 initio

267 2212 495 2311 participium
515 2211 637 2285 inlecti
656 2211 757 2284 uerbi
780 2210 994 2285 rellexinum
1014 2236 1077 2283 seu
1101 2211 1275 2303 medium,
1297 2225 1336 2283 ut
1358 2211 1436 2285 fieri

267 2328 395 2428 potuit,
413 2327 660 2427 probauimus
674 2327 845 2419 Sedeius,
860 2340 900 2400 ut
917 2327 955 2398 in
975 2329 1162 2426 prooemio
1182 2339 1344 2400 notatum
1365 2342 1432 2417 est,

266 2470 354 2518 usus
384 2444 444 2516 alii
480 2444 601 2543 plnres
626 2458 729 2534 sunt,
762 2443 824 2543 qui
856 2443 963 2515 nobis
989 2468 1071 2515 cum
1106 2443 1324 2541 posteriores
1357 2467 1436 2517 esse

267 2560 469 2650 uideantur,
495 2560 588 2633 unde
610 2559 848 2658 profluxerint
867 2584 966 2631 nunc
984 2558 1261 2633 dicendumest.

316 2676 433 2769 Quam
469 2690 582 2750 totam
624 2676 870 2776 quaestionem
915 2674 1094 2773 capitibus
1127 2673 1436 2773 comprehendens

267 2806 448 2891 quattuor,
469 2791 564 2865 unde
580 2790 797 2890 parandium
815 2791 960 2865 duxerit
978 2791 1169 2889 originem,
1187 2791 1282 2863 unde
1300 2816 1437 2887 gerun-

267 2908 351 2980 diuo
370 2907 469 2980 notio
484 2908 593 3008 fines,
611 2890 844 2999 necessitatis,
865 2922 950 2998 cet,
975 2907 1183 2997 aocreuerit,
1207 2931 1278 3006 qua
1297 2906 1435 2979 ratione

261 3023 414 3123 possiem
423 3023 678 3123 praeualnerit
692 3023 931 3123 sipnistcatio,
948 3037 1125 3123 quatenus
1140 3038 1173 3096 et
1189 3048 1261 3121 quo
1275 3035 1437 3121 tempore

257 3141 434 3238 saturum
450 3164 664 3237 expressum
680 3140 740 3230 sit,
762 3140 834 3212 iam
852 3164 1024 3239 quaerere
1043 3139 1227 3237 incipiam.

315 3255 408 3327 Nam
423 3248 596 3354 passinus
615 3255 693 3352 ipse
715 3281 802 3328 usus
821 3255 1013 3354 gerundiui
1032 3280 1140 3353 quem
1161 3281 1180 3328 a
1198 3254 1326 3353 priscis
1344 3266 1438 3326 tem-

270 3369 417 3468 poribus
433 3370 470 3441 in
478 3370 636 3469 antiquis
648 3371 891 3445 monumentis
901 3396 1075 3469 apparere
1090 3370 1298 3443 monuimus
1314 3372 1367 3467 (p.
1382 3370 1436 3465 4),

268 3512 340 3584 quo
360 3486 467 3560 modo
482 3511 527 3559 ex
546 3486 608 3560 illo
626 3487 746 3585 priore
761 3490 828 3561 usu
847 3487 1020 3561 rellexiuo
1037 3512 1101 3560 seu
1116 3486 1235 3560 medio
1251 3500 1356 3558 natus
1375 3485 1435 3577 sit,

271 3600 373 3675 lacile
395 3602 549 3675 uidetur.

319 3717 512 3815 Participio
545 3714 639 3789 enim
675 3717 775 3789 uerbi
813 3717 869 3789 sui
905 3717 1086 3791 fortunam
1123 3730 1319 3817 sequente,
1354 3741 1437 3789 cum

270 3832 421 3906 uerbum
444 3833 655 3906 reflexiuum
681 3832 826 3930 pessino
850 3859 958 3907 sensu
980 3833 1142 3905 adhiberi
1170 3845 1336 3930 coeptum
1368 3845 1435 3921 est,

270 3949 376 4022 etiam
393 3948 572 4047 participii
587 3947 711 4021 eadem
727 3948 890 4021 condicio
904 3948 982 4022 fuit.
1003 3948 1109 4022 Utin
1129 3973 1216 4021 uoce
1229 3948 1399 4047 pascitur
1411 3949 1435 4037 ¹,

178 4142 188 4153 ,
270 4089 289 4137 e
311 4065 482 4138 rellexiua
496 4064 759 4163 significatione
772 4064 817 4159 (il
827 4090 866 4136 se
884 4063 1043 4159 nourrit)
1059 4078 1137 4137 orta
1157 4064 1302 4162 passiua
1321 4063 1439 4162 signi-

271 4181 389 4255 ficatio
415 4196 493 4271 est,
522 4181 572 4253 ita
600 4180 645 4254 ad
677 4179 979 4278 significationem
1013 4180 1195 4279 passiuam
1228 4179 1372 4253 transiit
1404 4191 1440 4251 et

263 4296 481 4397 pascendas.
523 4296 694 4369 Passiuus
712 4319 714 4323 ·
731 4295 842 4394 igitur
878 4322 991 4387 usus,
1027 4296 1089 4395 qui
1120 4295 1185 4369 etsi
1218 4321 1290 4368 non
1323 4294 1438 4368 multo

272 4414 421 4486 fortasse
440 4427 615 4511 tempore,
635 4412 774 4485 ratione
798 4426 892 4485 certe
911 4412 1088 4511 posterior
1106 4410 1186 4503 fuit,
1212 4411 1308 4484 unde
1326 4410 1438 4508 origi·

271 4544 353 4602 nem
378 4529 534 4620 duxerit,
558 4526 804 4601 difficultatem
829 4553 902 4601 non
931 4529 1050 4602 habet.
1066 4523 1162 4620 Quo
1185 4525 1293 4600 modo
1316 4539 1436 4599 autem

305 4845 328 4895 1.
346 4845 388 4896 Ol.
410 4839 514 4895 Bnben.
535 4843 621 4897 Esset
635 4844 671 4896 de
683 4844 879 4910 semantique,
894 4858 924 4909 p.
940 4845 982 4897 96.
1003 4844 1170 4899 «Pascitur
1184 4860 1201 4896 a
1217 4844 1356 4910 eigoiflt«
1372 4845 1393 4896 il
1410 4859 1440 4897 aa

272 4922 408 4971 nouerit»
424 4924 507 4971 avant
519 4921 553 4970 de
566 4920 718 4985 signifiare
735 4921 755 4971 il
772 4923 816 4971 est
826 4922 921 4972 nourri
938 4938 962 4972 r.

1381 5038 1397 5081 l
