3684 5576
677 539 721 583 DE
746 538 893 585 NOTIONE
919 537 1039 586 furunt
1403 535 1443 595 55

1285 651 1443 662 ..ι-ι..-

276 765 451 839 Goelzer1
471 766 528 838 hic
545 766 750 863 gerundiuo
765 791 836 838 non
852 766 938 865 quid
961 766 1122 839 loturum
1142 781 1248 857 esset,
1270 769 1333 841 sed
1356 770 1444 869 quid

276 882 353 955 lieri
394 896 588 980 oporteret,
637 882 821 979 designari
850 882 918 977 (les
944 883 1114 981 satiques
1149 884 1241 982 qu’il
1264 884 1443 983 faudrait

276 997 410 1071 bientdt
435 998 660 1097 supporter).
681 999 755 1069 Nec
779 998 896 1096 magis
920 1024 1003 1071 uere
1029 999 1150 1072 futuro
1180 1025 1288 1073 sensu
1316 1001 1445 1100 accipit

276 1139 368 1211 quae
387 1113 526 1186 Tullius
549 1113 608 1208 (cle
636 1114 716 1213 Off.
743 1114 839 1211 rip)
860 1113 974 1186 dicit:
1002 1140 1021 1184 u
1044 1114 1106 1185 Sin
1130 1108 1233 1188 erunt
1254 1117 1441 1190 merita...

276 1230 390 1302 maior
412 1230 588 1329 quaedam
617 1255 701 1302 cura
725 1229 927 1303 adhibenda
951 1244 1006 1302 est
1024 1258 1065 1321 »3
1088 1245 1123 1303 et
1141 1257 1233 1330 quae
1259 1233 1300 1304 T.
1320 1233 1444 1306 Liuius

277 1346 448 1443 xx1.3l‡.7
469 1372 509 1417 z«
525 1346 620 1418 haud
635 1346 785 1418 dubium
804 1345 899 1436 lecit,
917 1346 1018 1445 quin,
1037 1347 1106 1419 nisi
1123 1347 1264 1420 firmata
1278 1348 1442 1439 luissent,

276 1461 407 1558 ingens
427 1461 464 1533 in
488 1487 530 1534 eo
554 1461 646 1534 saltu
671 1461 879 1560 accipienda
894 1461 1013 1535 clades
1028 1461 1146 1535 fuerit.
1164 1491 1183 1534 n
1202 1464 1388 1563 Nusquam
1405 1466 1442 1536 in

276 1577 346 1650 illis
369 1592 404 1651 et
422 1577 602 1651 similibus
626 1578 713 1650 locis
740 1578 943 1676 gerundiuo
970 1578 1058 1676 quid
1077 1577 1252 1671 loturum,
1275 1580 1338 1653 sed
1358 1581 1444 1680 quid

277 1693 517 1766 necessarium
537 1693 596 1783 sit,
620 1693 848 1791 exprimitur.

326 1819 450 1916 ltaque
468 1817 580 1890 futuri
599 1818 772 1916 temporis
789 1796 1016 1916 participium
1033 1844 1111 1891 esse
1129 1820 1386 1917 gerundiuum,
1406 1837 1444 1895 ut

276 1934 353 2007 iure
378 1934 608 2031 grammatici
633 1934 695 2033 qni
721 1960 793 2007 non
812 1950 893 2007 ante
916 1935 1061 2008 tertium
1082 1935 1296 2009 christianae
1318 1938 1444 2010 aetatis

277 2050 438 2123 seculum
459 2049 617 2140 luerunt,
643 2076 708 2148 pro
725 2076 789 2123 sua
816 2064 930 2124 aetate
953 2051 1096 2142 dicunt,
1128 2051 1174 2124 ita
1206 2068 1240 2125 et
1268 2053 1446 2152 antiquis-

277 2165 359 2237 simi
391 2178 429 2237 ut
446 2166 563 2239 Varro
592 2180 626 2239 et
644 2166 895 2256 recentissimi,
927 2180 966 2238 ut
985 2166 1008 2237 ii
1028 2193 1119 2265 quos
1137 2167 1245 2265 paulo
1263 2182 1346 2241 ante
1365 2168 1445 2241 lau·

277 2280 443 2354 dauimus
458 2336 467 2372 ‚
495 2307 559 2380 pro
586 2281 756 2355 uniuersa
791 2282 907 2355 Latini
934 2283 1111 2384 sermonis
1142 2284 1342 2376 memoria,
1368 2285 1444 2359 iure

243 2439 246 2445 ·
278 2396 445 2495 negant2.

326 2522 367 2594 C.
398 2566 444 2575 -
471 2522 542 2596 Sed
569 2521 679 2595 luturi
710 2524 893 2596 notionem
920 2539 1035 2596 ortam
1055 2549 1134 2597 esse
1159 2549 1203 2597 ex
1224 2525 1445 2599 necessitatis

278 2637 424 2710 notione
439 2663 531 2736 quae
548 2639 585 2710 in
605 2639 798 2737 propositis
817 2638 905 2712 locis
921 2653 1071 2737 apparet
1087 2665 1157 2712 non
1175 2665 1363 2737 negamus.
1383 2642 1446 2714 Est

277 2753 374 2825 enim
396 2753 487 2826 inter
506 2755 744 2828 necessariam
767 2780 843 2827 rem
871 2769 905 2827 et
933 2753 1090 2827 futuram
1116 2755 1234 2854 aliqua
1262 2758 1442 2854 cognatio.

278 2869 382 2961 Quod
401 2869 497 2942 enim
516 2883 658 2969 oportet
675 2870 749 2960 fiat,
771 2870 808 2945 id
824 2896 895 2943 nou
916 2871 1022 2943 modo
1044 2871 1204 2944 nondum
1223 2872 1357 2945 factum
1376 2887 1442 2963 est,

276 2985 339 3058 sed
354 3011 399 3059 ne
413 2985 452 3058 fit
467 2986 630 3084 quidem3
656 2985 907 3071 ideoluturum
922 3000 1062 3060 tantum
1074 3000 1140 3060 est.
1161 2988 1285 3086 ltaque
1300 2988 1336 3060 in
1352 2989 1446 3062 eius·

277 3100 376 3173 modi
408 3101 569 3190 casibuS,
598 3101 815 3199 gerundium
853 3116 948 3176 recte
981 3103 1078 3201 quod
1114 3102 1176 3177 fiat
1208 3117 1350 3202 oportet
1384 3118 1446 3177 aut

277 3241 423 3289 necesse
441 3233 508 3308 est,
530 3216 645 3290 obiter
668 3217 764 3316 quod
779 3217 941 3290 futurum
966 3231 1020 3291 est
1034 3219 1227 3317 significat.
1251 3220 1349 3293 Haec
1363 3246 1445 3293 cum

276 3332 325 3405 ita
344 3332 428 3423 sint,
459 3334 510 3404 M.
541 3331 635 3405 Tulli
651 3347 685 3405 et
716 3333 758 3404 Τ.
782 3334 860 3407 Liui
875 3333 1070 3408 sententias
1099 3361 1189 3434 quas
1214 3336 1443 3433 protulimus,

277 3461 312 3521 et
344 3447 432 3520 alias
475 3449 527 3522 eis
571 3448 732 3541 similes,
779 3450 810 3522 si
854 3451 935 3548 quis
975 3451 1195 3545 considerat,
1243 3466 1278 3525 et
1318 3478 1445 3551 parum

277 3577 432 3637 attentus
470 3578 531 3637 aut
573 3590 700 3662 parum
734 3566 881 3656 doctuS,
910 3567 1104 3664 gerundiui
1146 3567 1445 3665 significationem

278 3679 393 3777 magis
407 3706 453 3753 ex
472 3681 641 3754 uniuerso
666 3681 859 3755 uerborum
875 3696 1061 3775 contextu,
1083 3709 1191 3781 quam
1211 3709 1256 3755 ex
1275 3684 1312 3756 ni
1332 3684 1445 3783 ipsius

274 3793 413 3868 formae
427 3797 570 3894 repetit,
585 3796 616 3869 ei
632 3798 876 3895 gerundiuum
888 3797 976 3870 nihil
989 3798 1107 3896 magis
1119 3799 1322 3896 exprimere
1337 3825 1446 3899 quam

276 3909 436 3984 futurum
453 3913 568 3985 uideri
588 3927 716 4010 potest.
735 3914 815 4005 Quo
835 3939 956 3987 errore
975 3914 1116 4012 decepti
1130 3941 1213 3988 cum
1234 3915 1305 3988 sint
1324 3916 1446 3989 erudi-

275 4026 405 4099 tissimi
425 4028 507 4117 uiri,
537 4028 706 4127 deceptos
735 4055 813 4103 esse
841 4055 968 4128 parum
988 4029 1180 4127 diligentes
1199 4030 1393 4130 scriptores
1412 4044 1447 4104 et

276 4142 410 4242 uulgus
442 4144 628 4217 indoctum
661 4146 742 4245 quis
770 4147 952 4220 miretur?
981 4148 1030 4219 Ea
1065 4146 1123 4219 uia
1158 4146 1292 4220 lactum
1323 4161 1377 4220 est
1408 4160 1447 4220 ut

277 4260 534 4359 gerundium,
564 4261 609 4334 ad
628 4262 906 4360 exprimendum
927 4262 1101 4351 loturum,
1140 4264 1236 4362 quod
1256 4263 1445 4337 uidebatur

276 4375 492 4475 exprimere,
515 4376 754 4451 adhiberetur.

308 4705 332 4755 1.
353 4703 484 4752 anurnn
497 4708 525 4754 et
541 4705 680 4763 (tormen,
695 4704 830 4756 Gremm.
849 4717 946 4769 comp.
963 4718 991 4763 u,
1010 4706 1112 4758 tatur.

307 4784 332 4834 t.
353 4783 397 4833 Cf.
419 4784 551 4834 ffluuann
563 4789 591 4835 et
603 4782 743 4845 Gortznn,
757 4797 786 4845 n,
796 4786 897 4836 631.rv.
912 4802 923 4831 ι(
937 4787 1012 4836 Dans
1027 4799 1118 4837 aucun
1132 4801 1190 4846 cas,
1204 4786 1338 4850 l'adjectit
1348 4789 1443 4840 verbal

276 4872 311 4909 oo
324 4859 419 4911 -udue
432 4861 476 4911 n’a
487 4860 554 4911 cheu
568 4860 609 4910 les
624 4859 695 4911 boos
708 4859 847 4912 errivains
864 4860 890 4911 le
903 4873 969 4912 sens
986 4861 1051 4913 d’un
1063 4863 1202 4927 participe
1216 4863 1293 4914 tutor
1305 4865 1409 4929 parsit.
1431 4883 1443 4913 r
