3684 5576
773 615 938 662 rotrocus
1395 614 1435 673 59

267 723 530 736 ———

316 843 394 915 Hoc
414 846 478 940 pro
499 841 600 915 uario
621 868 687 915 usu
710 843 827 916 uarias
845 842 1011 916 fortunae
1034 843 1131 916 uices
1155 858 1345 942 expertum
1364 859 1431 918 est.

268 958 362 1031 Nam
384 984 465 1031 cum
485 958 646 1031 subiecto
667 959 825 1057 positum
847 960 934 1058 quid
957 960 1069 1050 fieret,
1092 974 1154 1034 aut
1175 961 1308 1033 nudam
1334 961 1435 1033 uerbi

268 1074 568 1173 significationem
598 1075 796 1174 (sequenda
824 1077 886 1149 uic
902 1075 1109 1175 peruenies)
1136 1077 1331 1174 expressit3
1358 1078 1434 1150 sine

268 1190 429 1264 subiecto
448 1216 511 1264 seu
537 1191 823 1289 impersonaliter
852 1192 1051 1265 adhibitum
1073 1193 1433 1292 (inconsequentem)

267 1306 485 1405 perundium
518 1306 744 1381 factumest.
779 1309 920 1399 Postea,
953 1333 1035 1381 cum
1064 1323 1157 1383 esset
1186 1308 1220 1379 in
1248 1310 1435 1383 sententiis

261 1422 493 1522 propositum
529 1424 815 1523 exprimentibus
857 1440 1069 1522 usurpatum
1108 1425 1301 1523 (sequendo
1339 1426 1438 1500 hosti

266 1538 505 1638 deniqnctus),
540 1539 711 1639 paulatim
746 1541 967 1613 necessitatis
1007 1541 1202 1640 assumpsit
1224 1541 1432 1614 notionem:

267 1656 448 1753 sequenda
482 1656 544 1729 uio
575 1669 640 1746 est,
665 1656 889 1756 sequendum<
910 1669 974 1729 est.
1008 1658 1062 1728 Ex
1089 1657 1158 1730 hoe
1192 1683 1271 1748 usu,
1303 1658 1435 1731 etalio

267 1771 400 1869 pariter
438 1773 583 1870 passiuo
623 1772 830 1865 (occidendo
861 1772 1006 1846 homine
1033 1814 1062 1831 =
1098 1800 1163 1872 par
1199 1772 1231 1845 le
1277 1789 1434 1846 meurtre

268 1887 354 1960 d’un
388 1888 548 1985 homme)
587 1887 822 1988 multiplicata
862 1889 1007 1986 passiua
1035 1889 1250 1987 significatio
1281 1890 1435 1962 astinem

268 2004 432 2077 exclusit.
457 2005 620 2103 Denique
643 2004 731 2077 dum
756 2004 828 2077 ium
844 2005 1019 2105 perfectis
1050 2031 1146 2105 quoe
1169 2005 1268 2105 fieri
1295 2018 1435 2105 oportet

270 2119 421 2218 opponit
440 2122 550 2218 (quae
566 2133 706 2194 secutus
724 2147 803 2194 sum
831 2136 866 2194 et
888 2148 984 2219 quoe
1009 2121 1191 2219 sequendo
1211 2120 1300 2194 milii
1322 2128 1432 2213 sicot),

270 2238 486 2334 etsuturum
507 2236 708 2335 exprimere
729 2263 854 2336 parum
876 2237 1020 2310 attentis
1035 2237 1189 2327 uidetur,
1209 2238 1436 2335 exprimendi

259 2350 392 2449 futuri
417 2365 536 2449 partes
566 2353 737 2451 paulatim
757 2353 926 2451 suscepit.

321 2468 395 2540 Has
422 2492 548 2542 omnes
572 2469 736 2542 fortunae
765 2470 862 2542 uices
890 2494 961 2567 quo
984 2469 1109 2542 ordine
1128 2468 1244 2542 forma
1269 2470 1304 2541 in
1323 2469 1436 2541 -udus

271 2583 437 2656 desinens
473 2599 620 2682 experta
647 2584 716 2677 sit,
751 2601 785 2658 et
817 2600 938 2658 noster
974 2585 1116 2658 libellus
1148 2601 1310 2677 enarret,
1350 2585 1436 2659 haec

270 2698 462 2798 descriptio
483 2714 751 2798 repraesentat:

268 2878 299 2926 Α.
311 2877 410 2941 'Seque
424 2878 583 2927 transitiuum
598 2901 627 2919 -
637 2880 689 2930 ἕπω
701 2900 724 2930 τι
858 2880 895 2928 Α’.
906 2879 1009 2943 Sequor,
1023 2881 1108 2929 retlex.
1117 2902 1148 2921 a
1161 2882 1253 2943 ἕπομαί
1266 2900 1312 2931 τινι

318 2948 454 3030 Sequens
467 2982 495 2999 =
511 2960 576 3010 ἱπων
591 2979 613 3009 τι
907 2950 1066 3011 Secundus
1078 2982 1107 3000 -
1122 2964 1241 3024 ἑπόμενός
1255 2980 1302 3011 τινι

618 3058 649 3105 Β.
671 3058 774 3121 Sequor,
793 3056 964 3109 transitiuum.

652 3137 843 3219 SequenduS‚
868 3148 1007 3214 pissinum.

317 3279 382 3327 Usus
398 3295 414 3327 α
428 3295 434 3327 :
451 3279 516 3329 inter
532 3280 683 3343 sequendum
699 3282 745 3329 iter
833 3280 932 3330 Ususb:
945 3281 1069 3345 sequendo
1078 3279 1296 3344 hostidesignutus

451 3373 480 3392 ε
497 3350 556 3399 dum
566 3352 613 3399 iter
623 3359 719 3400 tenetur
773 3348 777 3355 ’
945 3374 974 3393 =
1002 3352 1034 3400 ad
1057 3352 1139 3400 hostis
1164 3352 1296 3414 tpertsecu·

391 3422 751 3487 a':intersequcndum(ubso-
1004 3424 1096 3473 tionem
1133 3422 1294 3485 designatus,

485 3494 553 3556 lutet,
574 3494 639 3543 unde
1005 3495 1069 3543 unde

449 3591 675 3674 Sequendi,·do,
694 3608 749 3671 ger.
948 3593 1375 3675 Sequendus,partnecessiutis.

1104 3698 1175 3731 0111118

830 3779 1410 3808 ψ’

826 3827 893 3874 Usus
909 3840 943 3874 a:
961 3825 1086 3888 sequenda
1098 3826 1139 3874 uia
1187 3826 1253 3875 Usus
1269 3824 1303 3872 b:
1321 3838 1384 3887 quae
1399 3838 1436 3870 se·

985 3903 1030 3958 cst,
1207 3903 1280 3944 cutus
1303 3895 1353 3943 iam
1380 3909 1436 3943 sum

903 3979 950 4026 a':
969 3975 1140 4040 sequendum
1210 3983 1234 4023 et
1245 3974 1437 4038 quaesoquenda

993 4055 1032 4096 est
1212 4045 1274 4094 mihi
1296 4053 1362 4107 sunt,

1277 4117 1342 4166 unde

1182 4195 1434 4226 w

1185 4242 1435 4324 Sequenduspart.

1213 4332 1298 4380 futuri.

1216 4403 1267 4466 (qui
1281 4417 1337 4451 sera
1350 4402 1435 4465 snivi).

320 4557 418 4630 Haec
444 4556 638 4655 descriptio
662 4571 697 4631 et
719 4583 825 4656 quam
853 4569 1094 4656 repraesentat
1121 4556 1283 4629 doctrina
1311 4554 1437 4627 suadet

272 4685 324 4773 ut,
350 4674 446 4771 quod
480 4673 525 4746 ad
555 4673 863 4773 sipnistcott'onem
891 4685 1002 4773 etque
1033 4699 1134 4746 risum
1166 4671 1303 4761 attinet,
1334 4671 1436 4743 initio

273 4788 368 4861 idem
390 4789 501 4863 fuisse
527 4789 744 4862 arbitremur
770 4790 1012 4888 gerundiuum
1035 4789 1071 4861 in
1098 4788 1225 4861 Latino
1255 4813 1433 4877 sermone,

272 4905 369 5004 quod
389 4905 455 4978 tuit
472 4905 509 4978 in
532 4906 669 4980 Graeco
691 4906 919 5006 participium
935 4905 1270 5005 medio-passiuum.
