3684 5576
652 635 697 680 nn
722 633 877 680 cnnunnn
903 633 1041 681 onrcrmr
1085 697 1087 701 Ι
1396 628 1435 688 37

316 858 355 928 ln
377 856 433 928 his
453 856 616 930 uersibus
639 872 759 956 poeta,
781 873 819 931 ut
848 885 975 932 uersus
1004 885 1087 949 cnm
1115 861 1231 958 primo
1255 862 1435 934 secundus

267 972 430 1046 similiter
468 972 673 1060 desineret,
716 975 905 1074 antiquum
943 975 1071 1048 Gallici
1110 977 1287 1050 sermonis
1328 1004 1434 1049 usum

266 1088 423 1186 primum
437 1104 580 1162 secutus
591 1104 644 1162 est
659 1091 740 1189 (qui
754 1091 855 1164 uouit
868 1091 1023 1164 desclose
1037 1119 1079 1164 su
1093 1093 1212 1187 robe);
1232 1092 1374 1184 deinde,
1390 1094 1434 1166 ad

268 1231 373 1278 usum
387 1206 620 1279 recentiorem
633 1206 737 1279 rediit
760 1209 801 1293 (o
809 1206 915 1306 point
930 1207 1049 1306 perdu
1069 1209 1119 1281 les
1133 1208 1233 1307 plis).
1255 1212 1299 1280 At
1318 1209 1354 1280 in
1376 1208 1435 1281 illa

267 1321 384 1420 prisca
412 1335 591 1395 structura
624 1322 853 1422 participium
880 1323 1027 1421 perfecti
1057 1323 1237 1421 (descloee)
1271 1325 1437 1424 passinae

267 1451 322 1510 est
348 1437 635 1535 significationiS,
660 1451 800 1511 etcum
834 1464 876 1511 eo
901 1465 1033 1513 nomen
1069 1456 1124 1537 tuo
1154 1440 1255 1536 robe)
1284 1440 1438 1513 coniun-

266 1553 365 1651 gitur
393 1567 566 1652 tanquam
594 1553 817 1645 subiectum3
852 1555 961 1645 idem,
993 1555 1028 1626 in
1066 1556 1265 1629 recentiore
1296 1556 1437 1629 dicendi

267 1669 389 1760 modo,
409 1670 568 1743 actinnm
585 1670 726 1744 uidetur
747 1682 784 1763 (n
799 1672 907 1770 point
918 1672 1068 1770 perdo),
1094 1689 1129 1744 et.
1150 1698 1232 1745 cum
1248 1698 1290 1745 eo
1306 1698 1437 1745 nomen

268 1786 332 1884 (les
345 1785 403 1884 pl'
420 1789 618 1886 >tanquam
639 1787 820 1860 obiectum
840 1788 1082 1887 componitur.

315 1912 449 1985 Eadem
468 1927 522 1984 est
541 1912 631 1985 ratio
646 1912 739 1985 inter
753 1877 822 1985 hdc
834 1914 931 2012 quod
952 1914 1042 1987 Cato
1059 1915 1150 2011 (Ap.
1170 1914 1209 1986 C.
1232 1914 1368 2006 1413),
1391 1939 1436 1985 ex

267 2028 443 2101 sermonis
462 2028 579 2101 Latini
599 2029 748 2127 ingenio
766 2054 807 2102 ac
826 2031 1098 2122 consuetudine,
1120 2029 1282 2102 adhibuit
1299 2056 1437 2127 gerun-

267 2144 414 2217 diuum:
435 2143 562 2242 «Apri
575 2143 761 2217 lustrandi
771 2170 886 2243 erqo»
892 2203 903 2235 ,
922 2160 957 2217 et
974 2145 1190 2244 gerundium
1204 2172 1276 2245 quo
1289 2145 1436 2219 Plautus

266 2260 302 2331 in
332 2260 400 2333 hoc
430 2261 509 2332 loco
547 2261 687 2333 ulitur:
724 2287 743 2332 u
772 2261 860 2351 Nec,
894 2261 982 2333 mihi
1011 2262 1066 2335 ius
1104 2288 1219 2335 meum
1253 2261 1438 2335 obtinendi

266 2376 364 2473 optio
394 2389 494 2449 est.»
530 2377 622 2449 Nam
653 2378 691 2449 in
724 2376 784 2449 illa
815 2377 963 2450 Catonis
991 2378 1180 2464 sententia,
1209 2377 1436 2476 participium

269 2493 452 2589 passiuum
479 2507 547 2585 est,
572 2506 607 2565 ct
627 2518 710 2565 cum
730 2519 773 2567 co
794 2519 926 2566 nornen
948 2493 1074 2591 (apri)
1097 2508 1269 2592 tanquam
1295 2493 1438 2566 subiec-

267 2621 343 2680 tum
364 2608 616 2707 coniungitur3
639 2609 735 2682 idem
756 2609 792 2682 in
817 2608 934 2682 Plauti
967 2635 1072 2683 uersu
1101 2609 1260 2683 actiunm
1281 2609 1435 2699 uidetur,

268 2738 407 2796 etcum
432 2750 475 2798 eo
502 2750 633 2798 nornen
667 2725 738 2818 (ius
768 2728 895 2821 meum)
927 2740 1100 2825 tauquam
1128 2726 1316 2799 obiectum.
1336 2751 1438 2799 com-

268 2854 424 2937 ponitur.

315 2965 385 3038 Sed
404 2964 566 3039 instituta
585 2965 883 3064 comparatione1
904 2980 943 3039 ut
967 2967 1169 3040 ostenditur
1193 2992 1298 3064 posse
1322 2966 1437 3064 parti-

267 3080 428 3179 ticipium
463 3106 509 3153 cx
541 3081 685 3180 passiuo
720 3082 879 3155 actiuum
915 3107 957 3154 ac
993 3082 1221 3155 transitiuum
1258 3082 1355 3172 fieri,
1389 3083 1437 3154 ita

265 3197 483 3295 gerundium
514 3197 683 3269 Latinum
705 3224 775 3297 qna
804 3223 911 3270 causa
936 3224 1078 3297 quaque
1098 3199 1154 3271 uia
1181 3197 1314 3271 factum
1335 3199 1440 3271 silut

266 3312 446 3385 obiectum
479 3312 612 3385 habere
645 3327 767 3411 posset
796 3314 1003 3387 accusatiuo
1040 3339 1125 3387 casu
1159 3314 1330 3413 positum,
1364 3340 1436 3386 non

267 3428 480 3526 explicatur.

317 3554 394 3627 Hoc
405 3567 525 3627 autem
541 3555 610 3626 uiri
625 3555 838 3646 doctissimi,
850 3581 933 3628 cum
945 3555 1018 3646 alii,
1033 3570 1110 3628 tum
1125 3555 1261 3653 optime
1277 3555 1438 3627 omnium

266 3668 495 3742 Weisweiler
510 3670 693 3743 tractauit:
707 3695 775 3767 ego
792 3695 837 3742 ne
855 3696 931 3743 rem
947 3686 1061 3744 actam
1078 3670 1285 3769 agereuelle
1301 3671 1436 3761 uidear,

267 3798 302 3857 et
316 3785 499 3882 proposita
518 3785 683 3883 exempla
703 3786 932 3885 rationesque
954 3787 1084 3859 iterum
1106 3785 1276 3875 scribere,
1301 3784 1440 3857 Plauti·

268 3926 354 3973 num
369 3901 476 3974 huius
489 3902 656 3999 gerundii
670 3928 789 3991 usum,
805 3929 912 4002 quem
928 3901 987 3974 ille
1003 3928 1075 3975 non
1090 3902 1221 3999 attigit,
1232 3902 1434 3999 expediam.

315 4026 463 4100 Plautus
493 4027 590 4098 enim
620 4028 798 4126 gerundio
828 4027 959 4101 obiecti
989 4028 1235 4100 accusatiuum
1266 4026 1438 4099 terdecies

266 4142 442 4215 adiunxit.
466 4143 547 4235 Quo
572 4144 608 4217 id
632 4145 741 4217 modo
761 4144 884 4217 fecerit
909 4144 1074 4242 exempla
1093 4143 1208 4216 haec2
1227 4143 1435 4215 ostendunt.

299 4490 322 4539 l.
346 4489 425 4539 Hanc
438 4489 683 4554 comparationem,
702 4492 725 4540 ei
743 4489 807 4554 quis
824 4490 966 4541 existimet
980 4488 1127 4539 nobiscnm
1139 4501 1234 4551 parum
1249 4488 1350 4545 tacere,
1363 4490 1391 4536 et
1407 4499 1439 4536 eo

267 4564 387 4615 maxime
399 4565 567 4623 claudicare,
586 4571 616 4617 ut
628 4567 718 4627 aiunt,
732 4566 806 4630 quod
822 4580 884 4616 cum
902 4566 1050 4629 participio
1067 4564 1182 4614 uerbum
1199 4564 1301 4628 (auctr)
1324 4564 1439 4612 coniun-

267 4643 358 4703 gatur,
379 4654 442 4691 eum
457 4640 613 4691 admonebo
632 4643 800 4706 contagione
821 4642 925 4692 tactum
947 4645 979 4691 ut
1004 4635 1184 4704 participium
1209 4641 1249 4690 ita
1265 4652 1326 4689 cum
1350 4637 1437 4689 uerbo

266 4716 445 4766 coniunctum
462 4717 552 4780 ipsum
569 4717 694 4768 uotiuum
712 4718 861 4774 uideretur.
880 4716 953 4780 quod
966 4715 1119 4767 ostendunt
1133 4715 1271 4765 eiusmodi
1284 4714 1434 4764 formulae:

267 4790 372 4857 «Repu
398 4791 433 4843 de
457 4791 569 4843 circites
593 4793 753 4850 nouvelles,
777 4792 882 4857 fourni
907 4792 936 4845 ta
958 4790 1178 4852 marmandae,
1199 4790 1275 4856 paye
1298 4790 1327 4843 la
1343 4790 1437 4841 metue

266 4877 391 4919 somme.
413 4868 482 4917 »ct
502 4862 604 4925 Barim,
623 4867 712 4920 Eccai
729 4868 765 4919 cte
779 4869 975 4933 adnuentique,
994 4882 1024 4936 p.
1045 4868 1103 4921 224.

298 4956 323 5007 2.
342 4955 386 5008 cl.
408 4957 616 5016 Hunnnnuaru,
635 4956 656 5009 l.
673 4956 697 5011 l.
716 4958 833 5023 passim.
