3684 5576
665 573 710 618 DE
735 572 924 621 Gunuunrvl
951 575 1084 621 GENERE
1426 571 1464 630 13

296 678 463 690 -——.

293 793 363 867 uiri
384 793 501 867 docti¹
530 819 612 868 cum
640 794 738 868 nulle
766 808 886 867 essent
909 796 1018 868 uerba
1047 795 1115 869 nisi
1141 821 1233 894 quae
1265 811 1461 871 «neutra»

291 909 471 982 dicuntur.
504 909 611 1003 Quod
638 910 683 983 ad
715 911 865 983 uerbum
902 936 1106 1011 «sequor»
1137 912 1261 985 attinet
1288 913 1465 986 intellexit

288 1025 337 1096 M.
358 1025 462 1098 Breal
483 1052 555 1098 non
576 1051 719 1123 semper
734 1025 968 1099 transitivum
989 1026 1099 1099 fuisse
1122 1028 1189 1100 hoc
1209 1028 1374 1118 uerbum,
1400 1029 1464 1101 sed

290 1166 372 1213 oum
396 1141 497 1240 prius
529 1142 667 1214 Graeco
686 1149 800 1239 ἕπομαι
823 1142 1071 1240 responderet,
1094 1143 1263 1241 paulatim
1295 1144 1462 1241 analogia

292 1256 484 1329 uerborum
516 1257 725 1330 Latinorum
757 1283 849 1356 qnae
878 1269 995 1330 motus
1019 1258 1187 1331 dicuntur
1210 1264 1262 1352 (v.
1285 1285 1322 1356 g.
1346 1262 1461 1357 peta),

290 1371 422 1444 factum
437 1372 669 1445 transitiuum
679 1374 705 1444 ⁹.
721 1371 823 1465 Quae
833 1372 863 1444 si
878 1373 925 1445 ite
940 1388 1036 1462 sunt,
1057 1372 1204 1446 ulterius
1217 1374 1304 1445 mihi
1321 1374 1461 1447 uidetur

289 1511 367 1560 esse
387 1487 706 1585 progrediendum,
731 1502 765 1561 et
786 1488 883 1586 quod
905 1489 949 1560 de
971 1489 1082 1562 uerbo
1103 1514 1237 1587 sequor
1256 1489 1343 1562 dicit
1360 1490 1462 1562 locu·

292 1602 513 1699 pletissimus
547 1603 686 1702 antiqui
719 1630 807 1677 usus
844 1604 962 1695 testis,
1006 1604 1042 1676 id
1078 1604 1122 1678 de
1158 1605 1235 1678 eius
1271 1605 1460 1702 participio

288 1717 495 1791 dicendum.
533 1718 672 1817 Nempe
698 1719 801 1792 uerbi
833 1744 970 1817 sequor
1003 1720 1104 1819 prius
1126 1720 1301 1811 reflexim,
1337 1720 1459 1811 medii,

290 1832 524 1922 intransitiui,
549 1849 672 1933 postea
705 1835 885 1909 transitiui
911 1835 1010 1926 facti,
1034 1836 1208 1908 remansit
1232 1821 1460 1933 participium

288 1948 463 2022 secundus
479 1950 707 2041 ressaxiunm,
730 1950 904 2041 medium,
926 1949 1208 2023 intransitiuum.
1229 1951 1325 2023 Haec
1340 1966 1461 2024 eutem

287 2088 395 2137 causa
414 2062 480 2137 fuit
499 2091 562 2138 cur
586 2081 787 2139 remaneret
809 2066 1095 2155 intransitinum,
1117 2066 1213 2164 quod
1231 2067 1354 2139 aderat
1370 2067 1462 2140 elte-

286 2204 368 2251 rum
387 2180 617 2279 participium
650 2181 787 2255 actiuae
809 2181 959 2271 formae,
987 2207 1139 2279 sequens
1157 2181 1250 2272 dice,
1266 2182 1363 2281 quod
1382 2181 1461 2255 ilias

290 2308 409 2393 partes
426 2297 634 2370 transitiuae
655 2296 932 2394 significationis
949 2297 1181 2394 exprimeret.

337 2411 459 2509 ltaque
491 2411 682 2500 secundus,
713 2411 923 2502 uoluenduS,
959 2412 1150 2502 oriundae,
1174 2410 1353 2484 [abundus
1376 2429 1461 2485 sunt

287 2526 395 2599 medii
431 2551 493 2599 seu
529 2527 693 2600 reflexiui
719 2528 821 2601 uerbi
842 2526 1042 2626 participia.
1079 2528 1154 2599 lem
1192 2553 1280 2600 uero
1313 2527 1350 2598 in
1384 2542 1458 2601 tam

286 2641 442 2740 antiquis
458 2643 703 2715 monumentis
723 2642 958 2715 inueniuntur
976 2640 1129 2715 utnulla
1149 2642 1222 2714 sint
1241 2642 1456 2740 antiquiore.

335 2756 372 2851 3)
391 2757 445 2829 Ex
460 2782 584 2831 eorum
600 2758 710 2856 igitur
724 2758 930 2831 testimonio
945 2757 1067 2856 colligi
1084 2773 1203 2855 potest
1215 2756 1459 2855 gerundiuum

286 2869 388 2944 initio
408 2873 636 2971 participium
666 2899 745 2946 esse
771 2874 880 2947 medii
906 2874 1023 2963 uerbi,
1059 2873 1128 2945 nisi
1149 2886 1269 2945 essent
1302 2871 1363 2972 qui
1397 2897 1458 2945 ees

285 2986 420 3060 formas
455 2988 700 3086 neglegendas
734 2989 891 3086 putent³‚
918 2990 1015 3089 quod
1052 2988 1291 3085 paucissimae
1323 2987 1396 3061 sint
1424 3002 1460 3061 et

285 3116 450 3175 naturam
468 3104 648 3201 participii
667 3105 730 3177 uix
750 3104 919 3178 habeant.

333 3217 404 3291 Sed
429 3217 517 3290 haec
539 3244 612 3292 non
641 3219 732 3293 bene
762 3220 980 3293 obiciuntur.
1010 3219 1116 3311 Nam,
1150 3231 1187 3290 ut
1221 3218 1459 3315 paucissimae

283 3346 422 3424 essent,
450 3333 517 3406 hoo
543 3334 701 3407 maxime
729 3335 864 3426 effecit,
885 3336 983 3434 quod
1000 3334 1174 3407 ressexiuo
1190 3359 1256 3406 usu
1287 3333 1397 3407 uerba
1417 3359 1458 3407 ac

282 3449 486 3546 gerundiua
510 3449 637 3522 Latina
665 3450 849 3548 passiuam
878 3450 1195 3549 significationem,
1216 3475 1259 3522 eo
1282 3450 1344 3547 qui
1365 3449 1456 3522 infre

547 3668 813 3681 ———

313 3803 337 3852 1.
358 3796 462 3860 Beier..
486 3801 573 3855 Esset·
594 3802 631 3854 de
651 3804 848 3868 remaneque,
871 3817 901 3868 p.
926 3804 983 3856 210.
1010 3804 1102 3855 «Non
1120 3803 1276 3854 seulement
1293 3802 1334 3857 les
1356 3802 1456 3854 verbes

280 3879 393 3928 neutros
411 3882 478 3928 sont
494 3878 535 3928 les
550 3878 613 3942 plus
629 3879 753 3936 enciens,
773 3879 843 3930 meis
853 3892 889 3930 on
905 3879 965 3929 doit
981 3879 1117 3930 admettre
1130 3892 1184 3928 une
1198 3878 1311 3941 periodo
1326 3878 1361 3928 ou
1378 3879 1398 3928 il
1411 3878 1456 3942 n'y

279 3953 358 4003 eveit
374 3966 427 4018 que
440 3953 489 4003 des
507 3954 605 4004 verbee
619 3959 743 4005 neutros.
759 3955 792 4004 Je
803 3954 887 4015 crois,
900 3968 936 4005 en
953 3955 1026 4013 aflet,
1046 3968 1099 4017 que
1115 3952 1156 4003 les
1170 3958 1242 4004 mets
1257 3956 1306 4004 ont
1321 3953 1364 4003 ete
1378 3952 1456 4004 crees

281 4041 351 4091 pour
367 4028 447 4079 avoir
458 4041 513 4079 une
530 4029 624 4093 pleine
642 4029 832 4093 signification
850 4043 901 4095 per
922 4029 1105 4086 eux-memes,
1123 4032 1151 4079 et
1170 4042 1226 4080 non
1249 4041 1319 4092 pour
1334 4028 1456 4079 servire

280 4116 335 4154 une
352 4106 470 4165 syntexe
491 4105 539 4168 qui
557 4104 701 4155 u'existeit
714 4118 765 4169 pes
783 4118 895 4157 encore.
914 4124 926 4157 ν

310 4185 337 4234 2.
359 4176 464 4240 Besae,
479 4182 565 4235 Esset
579 4185 821 4250 decernentium,
835 4199 865 4249 p.
882 4186 939 4235 217.
956 4201 968 4231 u
982 4183 1097 4249 Sequor
1109 4184 1247 4248 signifleit
1259 4182 1458 4234 litteralement

281 4277 293 4305 α
305 4262 334 4323 je
350 4259 497 4309 m'etteche
514 4277 525 4305 n
541 4274 548 4308 :
562 4259 580 4309 il
594 4261 767 4325 correspond
780 4274 815 4310 eu
829 4273 897 4324 grec
909 4262 1001 4324 ἕπομαι
1014 4261 1060 4324 qui
1077 4260 1166 4324 prend
1178 4259 1260 4324 apres
1276 4259 1314 4309 lui
1330 4258 1356 4309 le
1368 4260 1439 4309 detis
1446 4278 1452 4307 :

279 4334 351 4385 meis
366 4347 400 4384 on
419 4348 435 4383 e
452 4334 494 4385 dit
505 4335 588 4399 sequi
606 4335 694 4398 (eres,
712 4338 796 4400 sequi
811 4336 956 4387 uirtutem
964 4362 982 4389 s

311 4416 337 4464 3.
358 4415 520 4472 Demetros,
546 4414 643 4479 Verpt.
664 4415 753 4479 Synt.
775 4415 881 4467 netttt:
903 4413 979 4465 «Ich
999 4416 1098 4466 nehme
1113 4416 1179 4479 ,pnit
1205 4414 1382 4466 Weisweiler
1409 4428 1454 4471 en,

283 4488 349 4538 dees
366 4490 394 4539 in
410 4503 527 4540 unserer
543 4491 624 4540 Form
642 4505 696 4541 von
714 4491 830 4553 Anseng
844 4489 888 4541 die
910 4490 976 4541 ldee
995 4491 1043 4540 des
1058 4491 1170 4541 Sollens
1190 4492 1333 4541 enthelten
1351 4504 1451 4542 wer...

282 4563 424 4615 Demnecn
435 4565 472 4615 ist
482 4565 526 4615 ttir
535 4566 695 4623 oriundus,
704 4565 866 4628 leuandus,
878 4566 1050 4617 uoluendus
1061 4565 1286 4616 einebesondere
1298 4565 1457 4628 Erklerung

281 4652 315 4689 zu
332 4640 450 4691 sochen.
474 4657 486 4687 »
510 4639 562 4691 Cui
579 4641 732 4706 respondet
748 4642 783 4693 V.
808 4642 910 4692 Hennu
934 4641 1043 4705 (Reuue
1063 4642 1200 4705 critique,
1227 4642 1295 4697 1898.
1319 4653 1337 4699 1,
1356 4654 1385 4704 p.
1401 4642 1455 4701 ⁴9)ss

281 4731 294 4760 ι
314 4715 356 4765 En
373 4728 404 4764 ce
420 4728 476 4777 ces.
496 4716 521 4767 te
538 4720 604 4780 type
619 4717 770 4768 oriundus
788 4719 876 4769 serait
887 4716 1073 4780 inexplicebte
1084 4724 1110 4766 et
1129 4717 1246 4767 l'euteur
1263 4729 1296 4765 en
1310 4716 1452 4766 convient.

280 4789 354 4840 G'eet
370 4803 513 4854 persemer
530 4791 558 4842 te
574 4792 686 4844 science
703 4791 858 4856 d'tnigmes
882 4791 1027 4851 eplaisir.
1049 4810 1060 4838 n
1084 4793 1127 4842 cf.
1149 4793 1309 4848 Lenneron,
1333 4792 1354 4842 l.
1380 4790 1402 4841 t.
1430 4792 1457 4841 15

278 4864 363 4929 [15913
380 4866 519 4926 Pensson,
534 4867 556 4919 l.
577 4869 598 4921 t.
620 4881 648 4931 p.
667 4870 709 4921 95.
