3684 5576
446 593 491 638 ns
516 591 666 640 rassrrm
689 592 954 642 srearrrcarioms
979 570 1237 642 raoraoar‘rouu
1386 588 1422 650 51

259 820 381 894 natiue
403 845 486 893 casu
509 820 662 919 prolerri
682 821 824 894 debent.
848 822 954 915 Quod
976 822 1104 895 melius
1125 824 1372 922 perspicietur,
1395 824 1426 896 si

258 937 340 1035 quis
358 937 404 1010 ad
422 938 520 1010 locos
540 937 575 1009 in
595 937 728 1036 quibus
747 954 940 1011 occurrunt
956 939 1160 1012 attenderit.

298 1118 327 1177 F
326 1117 534 1182 loreacendis.
550 1122 693 1181 -Flora
707 1141 785 1202 quaa
799 1120 1115 1203 rebusflorescendis
1130 1133 1249 1205 praeest
1265 1123 1312 1203 (ln
1327 1122 1425 1184 Fastis

259 1217 381 1290 Praen.,
399 1218 433 1279 C.
451 1218 474 1279 l.
491 1221 529 1280 L.
549 1240 574 1281 1.
594 1241 614 1302 p
649 1219 734 1299 317.)

297 1315 497 1378 Nascendos.
517 1354 557 1362 —
569 1317 617 1377 Ad
633 1316 771 1378 homines
785 1339 905 1400 quoque
920 1317 1100 1380 nascendos
1123 1318 1186 1378 uim
1202 1317 1321 1379 numeri
1336 1318 1425 1379 istius

257 1413 373 1496 porrigi
389 1415 598 1497 pertinereque
615 1415 658 1475 ait
673 1417 814 1493 (Varro).
835 1417 919 1495 (nul.
938 1418 979 1478 G.
1005 1416 1046 1477 N.
1063 1422 1103 1478 A.
1120 1439 1162 1476 ur.
1183 1429 1284 1496 req.)

297 1511 529 1574 Reuorceudia.
545 1513 788 1575 -Genethliaci
803 1513 929 1596 quidam
942 1516 1165 1598 scripserunt...
1187 1537 1252 1575 esse
1267 1515 1298 1574 in
1314 1534 1426 1575 renos-

257 1609 368 1672 ceodia
381 1610 569 1688 hominibus,
581 1634 674 1694 quam
688 1612 843 1695 appellant
852 1617 1089 1704 παλιγγενεσίαν
1100 1615 1216 1675 Graeci.
1232 1615 1329 1691 [Varr.
1341 1613 1425 1696 apud

258 1708 339 1789 Aug.
356 1709 404 1770 De
428 1709 498 1772 Ciu.
515 1710 578 1770 Dei
592 1702 708 1789 2258.)

296 1806 528 1887 Nouapoudoe.
543 1810 710 1871 —Nautae
720 1810 914 1894 appellantur
923 1831 1029 1871 omnes
1041 1811 1093 1892 qui
1109 1809 1198 1870 nauis
1210 1808 1424 1889 nuuiqaudoc

257 1924 349 1965 eausa
366 1905 396 1965 in
414 1906 485 1967 naui
500 1916 583 1969 suut.
601 1906 687 1989 (Ulp.
705 1909 783 1988 Dip.
800 1930 839 1971 rv.
859 1912 935 1991 qr.)

297 2003 584 2069 Senescendoram.
599 2043 640 2051 -
660 2007 781 2068 Seclum
796 2008 930 2089 spatium
950 2028 1102 2068 annorum
1118 2017 1240 2067 cantum
1261 2017 1421 2079 uocarunt,

257 2101 339 2182 quod
362 2103 579 2183 longissimum
598 2105 731 2186 spatium
749 2105 1016 2168 senescendorum
1038 2105 1197 2167 homiuum
1224 2104 1254 2165 id
1273 2114 1424 2187 'putarunt

258 2200 360 2278 (Varr.
379 2201 476 2282 Linp.
493 2202 530 2263 L.
546 2224 586 2262 vr.
605 2206 664 2279 ιι.)

301 2287 588 2362 Tobesceudoram.
604 2337 644 2345 -
658 2299 785 2383 Copiam
799 2301 1066 2365 tabescendorum
1080 2301 1253 2364 hominum.
1262 2301 1358 2383 (Lact.
1376 2301 1423 2362 De

257 2406 351 2460 mort.
365 2419 453 2481 pera.
470 2399 565 2480 tta.)

306 2559 438 2632 Omnia
456 2560 544 2634 haec
561 2563 776 2660 gerundiua,
801 2563 832 2635 si
859 2561 1092 2660 nauiqondoe
1115 2560 1287 2659 excipias
1310 2561 1356 2633 ad
1381 2586 1422 2634 ea

258 2675 367 2749 uerba
389 2677 570 2774 pertinent
595 2704 687 2777 quae
707 2680 743 2752 id
767 2679 972 2776 exprimant
997 2677 1098 2776 qrzod
1118 2676 1186 2776 qui
1201 2677 1302 2775 sarit
1330 2676 1422 2750 idem

251 2791 411 2890 potitur,
426 2793 578 2892 ideoque
593 2795 638 2868 ad
657 2794 768 2868 uerba
782 2795 953 2868 reflexiua
971 2820 1033 2867 seu
1055 2794 1172 2866 media
1195 2807 1229 2866 et
1249 2808 1320 2865 tam
1337 2818 1423 2892 pas-

258 2907 335 2980 siua
363 2934 472 3006 quam
504 2910 620 2983 actiae
648 2911 834 2984 accedunt.
872 2913 946 2984 lam
974 2935 1059 2983 uero
1088 2935 1211 2982 eorum
1238 2935 1324 2982 usus
1350 2934 1434 2981 non·

256 3024 351 3097 idem
376 3038 430 3097 est
452 3039 559 3124 atque
585 3027 724 3099 actiuus
743 3027 801 3100 ille
820 3041 855 3100 et
878 3025 1110 3100 attributiuus
1138 3025 1420 3122 gerundiuorum

257 3140 447 3232 laeander,
468 3142 656 3234 emundat,
678 3157 745 3215 eet.
768 3143 892 3241 Neque
911 3142 1008 3216 enim
1026 3142 1151 3214 eodem
1167 3162 1274 3213 sensu
1293 3141 1423 3213 dicitur

257 3255 355 3328 undo
382 3256 556 3348 labendo,
587 3258 705 3357 spolio
735 3258 904 3348 secundo,
938 3271 973 3330 et
995 3256 1158 3357 floribus
1182 3255 1423 3356 florescendt‘s

251 3385 413 3467 praeeat,
441 3372 493 3445 od
516 3373 675 3447 homines
695 3374 903 3446 nascendos,
934 3373 1025 3445 Nam
1048 3372 1106 3445 hio
1131 3373 1307 3471 posterior
1335 3398 1422 3444 usus

256 3488 351 3561 idern
386 3515 464 3562 esse
504 3489 645 3563 uidetur
686 3505 793 3588 atque
836 3490 893 3562 ille
925 3490 970 3562 de
1004 3514 1076 3587 quo
1115 3514 1224 3585 supra
1264 3488 1449 3581 diximus¹

256 3607 310 3702 (p.
331 3606 408 3703 47),
429 3631 501 3704 quo
530 3606 574 3679 ad
607 3607 814 3704 ponendum
841 3606 877 3677 in
897 3619 1090 3703 conspeetu
1116 3604 1227 3676 animi
1254 3630 1327 3676 non
1349 3618 1422 3676 tarn

257 3735 425 3819 agentem
448 3720 601 3820 aliquem
625 3747 733 3821 quam
754 3723 870 3819 ipsam
895 3720 996 3794 uerbi
1024 3722 1214 3809 actionem,
1236 3719 1422 3817 passiuum

256 3838 499 3935 gerundiuum
517 3837 718 3910 adhibetur.
739 3837 835 3911 idem
852 3838 948 3910 euim
968 3852 1035 3927 est,
1053 3838 1149 3937 quod
1169 3838 1213 3910 ad
1228 3834 1423 3934 gerundiui

258 3979 363 4026 usum
383 3953 524 4045 attinet,
556 3953 710 4027 hominis
733 3953 918 4028 occidendi
934 3979 1059 4045 causo,
1094 3968 1130 4026 et
1155 3952 1261 4024 rebus
1282 3951 1424 4050 flores-

257 4068 376 4143 cendr's
395 4082 565 4168 praeest:
600 4084 792 4168 utramque
821 4070 965 4142 nomine
997 4067 1213 4167 incorporali
1246 4066 1421 4164 (Gallice:

253 4212 351 4284 pour
372 4186 404 4259 le
428 4198 588 4259 meurtre
607 4185 693 4257 d’an
712 4185 863 4272 homme,
892 4190 915 4258 ὰ
940 4186 976 4257 lo
992 4184 1179 4284 floretaon
1202 4183 1264 4256 des
1287 4182 1424 4277 choses)

257 4301 357 4375 reddi
378 4315 507 4400 potest.
529 4301 597 4374 Hic
615 4315 734 4374 autem
754 4327 841 4375 usus
859 4301 1052 4400 gerundiui
1072 4314 1126 4373 cst
1144 4299 1260 4398 magis
1288 4297 1424 4397 passiui

257 4444 365 4517 quarn
385 4418 506 4509 actiui,
527 4432 562 4491 et
587 4443 669 4491 cum
692 4443 818 4490 corum
842 4417 1048 4506 uerborum,
1080 4442 1171 4515 quae
1193 4414 1423 4513 protulimus

257 4548 465 4607 sensatam
494 4534 641 4633 passiuo
667 4560 775 4632 quam
805 4533 922 4606 actiuo
951 4533 1107 4604 maxime
1132 4530 1325 4629 congruit:
1353 4554 1425 4628 quo

258 4649 460 4723 factumest
476 4667 512 4725 ut
528 4651 564 4723 in
580 4677 621 4724 ·o
638 4650 837 4724 desinentia
857 4648 1086 4748 participium
1103 4662 1222 4721 tamen
1239 4647 1275 4718 in
1289 4647 1426 4718 -endus

259 4765 389 4839 habere
412 4782 570 4865 possent.

306 4882 377 4956 Sed
414 4908 530 4984 nequo
565 4883 623 4957 hio
660 4883 852 4982 gerundiui
886 4881 1062 4982 posterior
1099 4906 1185 4953 usus
1227 4877 1340 4951 multa
1370 4876 1426 4950 sui
