3684 5576
665 554 709 600 nn
733 551 888 600 onnunuu
912 552 1051 601 onrcnrn
1401 545 1442 607 29

276 779 436 854 consulta
453 780 703 871 laudauerunt,
724 780 876 854 uerbum
891 794 1076 880 γραφομένῳ
1091 781 1208 855 solum
1228 797 1439 880 posuerunt,

275 910 414 995 praeter
428 896 635 996 losephurn,
652 898 807 995 quicum
821 897 898 996 ipse
910 896 1209 997 quoque(Antiq.
1227 897 1308 970 Iud.
1325 925 1438 971 xiv.x.

279 1016 329 1106 10)
348 1024 533 1111 γραφομένῳ
554 1029 700 1111 παρῆσαν
715 1013 913 1110 scripserit,
930 1013 1038 1085 semel
1055 1026 1176 1086 lamen
1196 1014 1339 1112 (Antip.
1356 1013 1438 1087 Iud.

270 1130 440 1222 xiv.1n.5)
461 1127 615 1201 formula
632 1142 818 1228 γραφομένῳ
836 1145 882 1219 τῷ
903 1127 1040 1227 δόγματι
1062 1155 1149 1202 usus
1170 1144 1237 1202 est.
1258 1157 1277 1201 n

321 1244 395 1317 Nec
433 1244 501 1316 soli
538 1244 752 1342 interpretes
789 1245 946 1336 Graeci,
985 1245 1055 1342 ipsi
1094 1245 1210 1317 Latini
1247 1246 1441 1344 scriptores

271 1359 449 1457 gerundia
477 1385 569 1459 quae
600 1360 646 1432 sit
673 1361 730 1433 uis
758 1360 965 1433 ostendunt.
991 1361 1084 1433 Nam
1117 1361 1205 1434 Cato
1234 1359 1293 1434 ille
1325 1361 1440 1433 Maior

271 1477 366 1573 (Cat.
401 1475 532 1573 fragm.
564 1476 664 1549 Jord.
701 1503 736 1576 p.
771 1476 834 1570 83)
869 1501 950 1549 cum
985 1475 1174 1550 dixisset:
1213 1503 1231 1547 u
1266 1477 1440 1549 Homines

270 1592 473 1664 eaecrcendo
494 1591 657 1664 uidemus
676 1591 813 1665 conteri
834 1620 871 1682 u,
892 1591 1012 1665 statim
1031 1592 1086 1664 sui
1110 1592 1286 1691 interpres
1304 1592 1404 1665 addit
1428 1619 1436 1663 :

275 1732 294 1776 u
325 1706 363 1778 Si
391 1706 479 1778 nihil
506 1733 681 1781 emerceos
699 1710 714 1803 (
729 1748 758 1767 -
773 1708 990 1797 emercendol
1017 1708 1143 1780 inertia
1163 1722 1268 1807 atque
1290 1708 1440 1806 torpedo

271 1822 352 1922 plus
385 1822 589 1896 detrimenti
623 1823 720 1914 lacit,
747 1849 856 1923 quam
881 1822 1072 1897 coercitio.
1097 1852 1116 1896 u
1149 1823 1262 1921 lgitur
1280 1822 1439 1921 locuples

270 1938 447 2011 sermonis
465 1939 621 2011 Romani
639 1939 874 2013 uetustissimi
900 1939 1001 2013 testis
1025 1964 1106 2011 cum
1132 1939 1311 2037 gerundio
1331 1963 1440 2012 exer-

269 2054 396 2145 cendo,
423 2055 531 2128 modo
554 2055 589 2127 si
611 2079 799 2145 eaecrceos,
831 2056 939 2128 modo
959 2054 1137 2128 eoeercitio
1155 2067 1352 2152 comparat,
1375 2080 1439 2127 noe

269 2170 444 2269 suspicari
458 2170 600 2244 uidetur
611 2196 689 2243 esse
702 2171 739 2242 in
755 2197 796 2244 ea
811 2170 928 2269 ligura
943 2170 1135 2270 quicquam
1151 2169 1248 2269 quod
1261 2170 1437 2242 actionem

268 2285 464 2384 gerendam
483 2286 673 2384 significet.

317 2402 391 2474 lam
411 2427 497 2475 uero
515 2402 693 2500 permulta
709 2401 874 2501 exempla
896 2401 940 2475 ad
959 2427 1084 2475 omnes
1104 2427 1208 2474 casus
1227 2415 1262 2474 et
1281 2401 1438 2475 maxime

268 2517 311 2591 ad
342 2517 540 2591 ablatiuum
563 2518 778 2616 pertinentia
803 2518 898 2591 docti
920 2518 1002 2607 uiri,
1032 2531 1071 2590 ut
1099 2517 1321 2590 llerkenrath
1336 2504 1385 2613 Ι(Ι.
1409 2519 1434 2590 l.

270 2635 315 2707 50
335 2660 407 2733 sq„
427 2635 473 2707 68
494 2660 566 2733 sq.,
588 2635 629 2706 81
654 2636 739 2733 sq.)‚
762 2635 915 2707 Persson
935 2634 974 2720 (l.
997 2633 1021 2706 l.
1044 2624 1228 2725 monol),
1251 2634 1436 2730 proferunt

268 2750 304 2821 in
336 2750 468 2850 quibus
496 2749 595 2823 nulla
627 2749 850 2824 necessitatis
875 2750 976 2823 notio
998 2749 1175 2848 gerundio
1203 2748 1309 2839 inest,
1343 2775 1436 2848 quae

267 2867 388 2939 omnia
407 2867 539 2940 referre
564 2866 714 2964 longum
738 2866 893 2959 uidetur,
915 2891 956 2939 ac
980 2890 1107 2963 parum
1130 2864 1228 2955 utile,
1254 2866 1436 2964 cumipse

265 2982 495 3056 Weisweiler
520 2982 731 3056 confiteatur
756 2982 794 3078 (l.
824 2982 849 3056 l.
885 2982 967 3076 rol)
987 2982 1215 3054 obscuratam
1244 2981 1369 3053 saltem
1399 2981 1435 3051 in

267 3097 425 3171 ablatiuo
450 3098 525 3170 uim
545 3098 714 3195 gerundii
734 3096 971 3196 principalem
992 3122 1082 3170 esse.

315 3214 431 3307 Quam
468 3213 756 3287 obscurationem
791 3240 857 3286 usu
891 3212 1060 3310 gerundii
1096 3213 1132 3283 in
1164 3212 1434 3286 similitudinem

267 3329 444 3428 participii
475 3330 674 3428 praesentis
707 3329 813 3402 actiui
853 3329 1002 3427 (leoena)
1039 3329 1223 3402 contendit
1259 3328 1388 3401 factam
1426 3356 1434 3401 ε

269 3472 288 3515 <t
312 3446 495 3518 Naehdem
520 3444 649 3518 einmal
671 3445 787 3518 dieser
811 3445 973 3517 absolute
998 3444 1143 3517 Ablativ
1161 3445 1224 3517 des
1250 3458 1342 3543 part.
1368 3445 1433 3517 lut.

114 3632 118 3643 ,
171 3602 174 3607 ¹
266 3586 380 3658 pass,
412 3561 561 3659 leqenclo
589 3559 708 3657 gleich
739 3560 887 3633 lectione
901 3558 1099 3659 socienda,
1130 3560 1293 3633 bellando
1319 3558 1437 3658 gleich

267 3676 357 3750 bello
388 3676 562 3775 queneto,
591 3675 666 3749 sich
692 3676 728 3746 in
755 3675 941 3748 derselbon
971 3676 1097 3749 Weise
1116 3676 1186 3749 wie
1209 3676 1272 3749 der
1291 3675 1437 3748 Ablativ

266 3792 330 3865 des
357 3791 609 3889 unpersiinlich
644 3791 893 3889 gebrauchten
923 3791 1098 3890 Partizips
1122 3790 1186 3865 auf
1207 3804 1298 3883 -tuS,
1327 3820 1359 3864 z.
1391 3792 1433 3862 B.

266 3908 440 3999 consulto,
475 3936 511 3980 u.
546 3934 577 3980 s.
612 3936 678 3998 W„
712 3935 756 3980 zu
784 3908 881 3981 einer
910 3908 1149 3982 adverbiellen
1180 3908 1437 4005 Bestimmung

266 4023 491 4122 ausgebildet
515 4024 626 4113 hatte,
643 4037 780 4096 musste
801 4023 962 4097 derselbe
977 4023 1059 4097 dem
1086 4023 1248 4096 Lateiner
1266 4023 1324 4096 ein
1343 4048 1434 4120 geru

265 4138 452 4212 benutztes
485 4138 599 4212 Mittel
633 4138 807 4230 werden,
836 4139 1081 4238 Handlungen
1118 4139 1230 4213 durch
1267 4138 1435 4236 parallele

266 4255 505 4352 Handlungen
531 4256 641 4328 nahor
666 4282 712 4327 zu
740 4255 967 4328 bestimmen.
990 4284 1009 4327 »
1037 4256 1136 4348 Quae
1160 4255 1251 4327 ratio
1278 4254 1435 4326 maxime

266 4370 455 4443 nobiscum
473 4370 582 4444 lacit:
605 4396 688 4443 nam
708 4386 747 4444 ut
770 4397 811 4445 ea
831 4397 903 4444 nou
924 4371 1012 4444 satis
1032 4371 1245 4470 explicatur,
1268 4396 1332 4445 cur
1357 4371 1433 4442 uim

267 4512 370 4559 suam
403 4486 622 4584 gerundium
655 4487 815 4560 amiserit
846 4486 959 4583 (illam
995 4487 1076 4560 dico
1116 4513 1224 4585 quam
1257 4487 1290 4559 ei
1327 4486 1436 4559 luisse

267 4602 376 4700 lingit
392 4603 491 4693 Wl,
520 4619 558 4676 ut
580 4603 616 4675 in
638 4629 744 4676 usum
767 4603 957 4702 participio
976 4604 1185 4703 proesentis
1204 4602 1312 4676 actiui
1334 4602 1437 4674 simi-

268 4717 338 4790 lem
356 4719 538 4811 transiret,
557 4719 604 4792 ita
619 4718 677 4792 hic
691 4719 768 4793 eius
783 4745 870 4793 usus
894 4720 929 4790 in
953 4736 1122 4819 promptu
1142 4734 1231 4809 erat,
1248 4718 1279 4790 si
1300 4743 1438 4818 gerun-

271 4833 369 4908 dium
400 4834 488 4906 nihil
520 4847 575 4908 est
606 4834 724 4935 ipsum
752 4836 821 4910 nisi
852 4835 1094 4932 gerundiuum
1120 4861 1182 4909 seu
1209 4832 1436 4933 participium
