3684 5576
642 519 688 566 ou
712 517 869 566 cuncuorr
893 521 1033 568 omanus
1216 585 1221 593 Ι
1383 516 1423 575 27

258 771 345 820 uero
374 746 468 820 inter
500 746 716 845 gerundium
737 746 888 820 amandi
905 748 1088 848 patriam,
1114 762 1149 822 et
1181 749 1425 846 gerundiuum

259 863 439 937 amandae
450 862 614 962 patriae,
635 864 785 937 eandem
801 863 973 937 interesse
988 865 1161 937 rationein
1176 865 1188 907 1
1205 891 1313 964 quarn
1332 865 1425 938 inter

258 980 405 1052 modurn
426 980 581 1053 Romani
601 980 777 1053 sermonis
792 979 1069 1078 impersonalem
1085 993 1246 1071 amatur,
1263 992 1425 1055 amatam

258 1107 323 1184 est,
345 1095 540 1169 amandum
558 1107 624 1186 est,
648 1111 682 1168 et
706 1095 852 1168 modurn
874 1095 1097 1192 personalem
1112 1096 1244 1195 patria
1261 1108 1423 1187 amatur,

259 1223 384 1284 amata
408 1223 473 1300 est,
500 1210 660 1285 amanda
679 1223 755 1284 est:
776 1210 825 1284 ita
851 1226 888 1284 ut
916 1211 1133 1308 gerundium
1159 1211 1244 1283 nihil
1264 1211 1361 1285 aliud
1381 1212 1426 1284 sit

259 1353 367 1426 quam
380 1327 573 1426 gerundiui
589 1327 716 1400 modus
732 1326 995 1425 impersonalis,
1013 1327 1169 1426 obliquis
1184 1328 1246 1426 qui
1259 1327 1427 1401 dicuntur

260 1442 402 1515 casibus
418 1458 611 1541 usurpatus
629 1470 638 1533 ;
662 1467 744 1515 curn
771 1468 843 1542 quo
865 1441 1142 1516 conferenduml
1156 1468 1234 1516 esse
1257 1457 1425 1516 neutrum

259 1557 407 1656 perlecti
425 1559 561 1656 passini
577 1559 739 1632 absolute
755 1583 818 1631 seu
833 1557 912 1630 sine
928 1558 1088 1632 subiecto
1104 1559 1284 1657 positum:
1302 1571 1426 1659 optato

259 1674 391 1769 (Plaut.
405 1674 541 1775 Amph.
556 1676 656 1768 658),
672 1675 832 1748 consulto
843 1674 967 1768 (Poen.
985 1675 1083 1773 788),
1100 1687 1286 1772 auqurato
1299 1674 1387 1754 ttiv.
1400 1703 1424 1747 1.

265 1791 362 1884 18.5)
377 1791 550 1881 consalta,
570 1806 708 1864 mature
716 1792 826 1889 sacto
841 1816 933 1889 opus
950 1804 1004 1863 est
1018 1790 1114 1875 (Sati.
1134 1790 1215 1866 Cat.
1237 1817 1265 1864 1.
1283 1792 1335 1883 6),
1356 1804 1423 1863 cet.

309 1907 406 1981 Haec
426 1918 465 1980 ut
480 1907 630 1979 minime
653 1907 869 2006 spernenda,
899 1907 948 1981 ita
967 1920 1069 1980 caute
1084 1906 1291 2005 accipienda
1308 1921 1394 1980 suni
1416 1934 1424 1978 :
1536 1963 1538 1967 ,

262 2022 427 2096 uidentur
460 2022 555 2095 enirn
590 2022 678 2094 inihi
705 2022 783 2120 ipsa
819 2048 922 2116 uera,
954 2021 1000 2096 ad
1036 2022 1236 2095 doctrinam
1272 2021 1428 2096 auctoris

259 2139 370 2213 relata
388 2138 476 2212 falsa
497 2139 628 2238 partirn
651 2153 837 2237 apparent.

309 2255 402 2327 Nam
426 2254 523 2353 quod
550 2254 594 2327 ad
620 2280 682 2328 eos
701 2268 851 2353 spectat,
873 2253 934 2354 qui
960 2253 1084 2328 dicunt
1102 2280 1121 2328 e
1140 2255 1318 2354 gerundio
1344 2280 1427 2327 cum

261 2369 401 2444 obiecto
412 2370 528 2469 posito
536 2370 780 2468 gerundiuum
789 2370 1426 2470 ortum,itautexamandipatriam‚

261 2486 442 2559 amandae
454 2486 604 2585 patriae
623 2487 789 2577 oriretur,
814 2488 1044 2573 iurecontra
1072 2486 1157 2559 dicit
1184 2485 1424 2559 Weisweiler.

262 2601 446 2676 Gerundio
480 2602 574 2675 enirn
612 2602 711 2699 prius
742 2601 853 2675 fuisse
886 2602 1129 2701 gerundiuum
1164 2603 1317 2676 suadent
1345 2627 1427 2675 cum

263 2732 383 2791 uetera
415 2717 561 2816 linguae
594 2719 771 2791 Oscorum
795 2732 831 2791 et
859 2719 1080 2791 Umbrorum
1112 2733 1357 2810 monumenta,
1390 2718 1426 2790 in

263 2833 394 2933 quibus
405 2834 473 2907 hoc
488 2833 683 2926 interdum,
698 2833 786 2906 illud
800 2859 986 2933 nunquam
997 2834 1178 2907 inuenitur
1187 2833 1213 2925 ³,
1227 2848 1303 2907 tum
1321 2833 1428 2908 etiam

263 2949 361 3049 quod
378 2950 596 3048 gerundium
616 2976 699 3024 cum
718 2949 858 3027 obiecto
876 2950 1046 3048 positum,
1066 2950 1132 3024 etsi
1156 2950 1243 3024 satis
1262 2949 1430 3048 frequens

263 3079 318 3138 est
342 3091 383 3140 ea
409 3091 501 3165 quae
532 3066 662 3139 dicitur
687 3079 858 3165 argentea
884 3079 1011 3157 aetate,
1045 3066 1083 3138 in
1114 3091 1221 3140 aurea
1245 3080 1365 3140 tamen
1396 3078 1431 3139 et

264 3182 420 3256 maxime
448 3182 485 3254 in
507 3182 635 3280 priscis
660 3181 897 3289 temporibus,
926 3207 991 3256 nec
1017 3207 1124 3281 saepe
1147 3207 1212 3255 nec
1231 3183 1301 3255 nisi
1325 3182 1430 3255 certis

264 3298 550 3390 condicionibus,
584 3298 764 3398 apparat.
807 3300 929 3397 ltaque
965 3297 1192 3396 grammatici
1224 3296 1357 3389 dicant,
1399 3297 1430 3370 si

265 3414 394 3513 placet,
410 3415 654 3513 gerundiuurn
669 3440 734 3512 pro
749 3414 928 3512 gerundio
942 3439 1025 3488 cum
1039 3413 1180 3487 obiecto
1195 3413 1312 3512 ροηί,5
1323 3413 1431 3486 modo
1466 3460 1469 3469 ν

265 3529 301 3604 id
315 3530 512 3605 concedant
522 3529 731 3604 scholastice
743 3530 826 3620 dici,
836 3555 908 3628 quo
922 3528 1178 3603 adulescentuli
1193 3528 1332 3602 lucilius
1344 3528 1431 3628 quid

265 3661 488 3745 proponatur
507 3647 664 3745 capiant,
687 3647 738 3719 rei
757 3646 945 3720 ueritatem
965 3645 1105 3719 tradere
1130 3670 1175 3717 ne
1198 3644 1428 3718 contendant.

267 3764 462 3862 Hucusque
484 3763 624 3862 placitis
649 3761 878 3836 Weisweiler
900 3762 1067 3836 assentiri
1093 3786 1254 3860 possum.

317 3880 387 3953 Sed
403 3879 488 3952 dum
500 3893 685 3979 comparat
699 3878 851 3953 amandi
853 3879 1021 3978 patriam
1026 3934 1036 3969 ,
1050 3891 1084 3951 et
1098 3876 1279 3951 amandae
1282 3876 1433 3977 patriae

267 4022 348 4070 cum
382 3996 578 4069 amandam
610 4007 662 4069 est
686 3994 855 4095 patriam
883 4009 918 4068 et
942 3993 1075 4093 patria
1105 3993 1265 4068 amanda
1296 4004 1362 4084 est,
1396 3991 1432 4064 id

271 4112 410 4185 cautius
429 4111 542 4210 accipi
563 4110 679 4185 debet.

299 4387 323 4437 1.
342 4386 543 4441 wolsotanus,
558 4383 579 4435 t.
596 4383 619 4436 t.
638 4397 668 4448 p.
687 4385 727 4444 73,
742 4386 780 4444 88,
799 4385 840 4437 84.

298 4466 324 4517 t.
346 4467 545 4525 warswnnuu,
561 4464 582 4517 t.
600 4465 621 4517 t.
637 4478 667 4530 p·
688 4466 727 4524 et,
744 4466 786 4518 85.

298 4549 325 4599 8.
346 4546 389 4598 ct.
409 4545 517 4610 Supra,
534 4560 563 4610 p.
581 4548 608 4597 5.

296 4628 322 4679 i.
343 4628 383 4677 ct.
401 4639 472 4691 quac
494 4626 528 4676 de
545 4626 637 4677 Plauti
656 4639 711 4676 usu
728 4626 934 4682 aaronica,
951 4638 977 4689 p.
989 4625 1020 4677 50
1037 4638 1096 4688 sq.;
1115 4623 1146 4673 68
1163 4635 1214 4685 sq..
1227 4624 1290 4677 cet„
1309 4619 1431 4684 scripsit,

267 4701 302 4754 de
315 4701 415 4753 ceteris
431 4702 633 4757 Wurswuiiua,
653 4702 676 4753 t.
691 4700 712 4753 t.
729 4715 758 4765 p.
780 4702 825 4752 109
841 4715 883 4765 sq.

298 4783 325 4834 5.
345 4783 478 4833 chuinu
492 4787 519 4833 et
534 4782 674 4839 (ionum,
694 4780 829 4834 Graium.
844 4793 943 4845 comp.
958 4792 987 4843 ιι,
1005 4780 1090 4842 §5763
1114 4780 1328 4836 wirascorum,
1345 4774 1431 4839 synt.

268 4857 321 4911 tat.
336 4861 349 4918 5
363 4858 406 4911 261
423 4857 453 4908 b.
470 4873 477 4921 3
495 4858 544 4909 ulii
556 4857 699 4922 permulti.
