3684 5576
421 560 425 567 ⁴
549 566 553 573 '
671 567 715 613 DE
741 566 896 614 GEHUNDH
923 566 1062 616 ORIGINE
1411 565 1447 625 31

283 793 420 866 d'autre
440 807 519 892 part
533 793 567 864 la
581 792 773 866 difference
793 793 978 893 vocatique
997 793 1045 866 du
1064 794 1235 893 gerondii
1261 795 1398 893 apendi
1415 810 1450 869 et

282 910 326 982 de
341 907 513 1007 l'adjeetif
524 908 646 981 verbal
662 909 934 1008 cqundusrend
949 925 1091 1009 compte
1112 936 1176 1009 par
1192 936 1260 984 une
1275 912 1449 985 contami-

282 1024 404 1098 nation
427 1024 511 1098 bien
542 1024 645 1098 facile
677 1031 698 1097 a
726 1025 901 1115 admettre
928 1026 973 1100 de
1001 1040 1092 1099 cette
1119 1030 1236 1099 meme
1256 1027 1448 1100 difference

281 1154 382 1213 entre
400 1140 432 1213 le
451 1154 536 1239 type
555 1140 731 1214 oriundus
748 1156 782 1213 et
797 1141 829 1213 le
848 1155 934 1239 type
955 1140 1197 1215 uoluendus.»
1218 1141 1288 1215 Sed
1316 1168 1382 1216 nee
1400 1143 1448 1216 ita

282 1255 386 1329 nobis
406 1256 493 1330 satis
513 1256 686 1354 probatur
705 1256 892 1355 proposita
911 1258 1113 1331 sententia:
1137 1283 1221 1330 nam
1245 1272 1280 1331 et
1300 1258 1368 1331 alia
1390 1259 1450 1331 uia

281 1370 416 1445 factum
452 1386 506 1446 est
540 1385 579 1444 ut
611 1397 630 1445 e
662 1372 866 1470 gerundiuo
899 1373 1045 1470 passiuo
1080 1387 1198 1446 ortum
1230 1375 1448 1472 gerundium

281 1487 436 1561 actiuam
456 1488 635 1562 uideretur
654 1489 786 1562 habere
810 1488 1112 1586 significationem
1143 1488 1200 1583 (cf.
1229 1488 1322 1562 infra
1344 1517 1380 1588 p.
1404 1492 1449 1579 34

280 1607 368 1703 sq.)‚
400 1620 435 1679 et
456 1630 501 1677 ex
523 1630 590 1677 usu
607 1604 807 1703 priscorum
829 1604 1059 1703 scriptorum,
1082 1631 1122 1677 ac
1144 1605 1301 1678 maxime
1316 1605 1446 1697 Plauti,

281 1736 431 1819 apparet
449 1719 583 1794 formas
599 1721 635 1791 iu
650 1720 788 1794 -undus
804 1721 935 1819 pariter
954 1721 1121 1819 gerundii
1136 1736 1242 1820 atque
1256 1723 1449 1819 gerundiui

279 1834 391 1909 fuisse
402 1836 439 1907 in
452 1836 633 1935 plerisque
644 1836 777 1926 uerbis,
794 1836 928 1909 formas
945 1862 1029 1910 uero
1045 1837 1082 1907 in
1097 1835 1230 1909 -endus
1245 1836 1449 1911 desinentes

280 1953 413 2050 pariter
428 1953 463 2023 in
478 1952 682 2051 gerundiuo
704 1951 931 2049 (uoluendus)
946 1967 981 2025 et
999 1953 1034 2023 iu
1054 1952 1232 2049 gerundio
1250 1952 1449 2051 (uoluendi)

279 2067 457 2141 adhibitas
472 2068 508 2140 in
530 2068 650 2141 uerbis
667 2094 759 2167 quae
777 2093 822 2140 uo
841 2067 968 2141 litteris
984 2068 1234 2157 terminantur,
1256 2083 1295 2141 ut
1309 2069 1446 2169 linque,

278 2183 393 2274 soluo,
410 2184 504 2257 uude
515 2184 552 2255 in
566 2183 702 2282 reliqua
713 2198 747 2257 et
756 2185 958 2282 gerundiua
973 2200 1007 2258 et
1021 2183 1197 2283 gerundia
1212 2203 1449 2281 peruaseruut

280 2299 351 2394 (Cf.
375 2326 455 2398 sup.
483 2325 518 2399 p.
549 2302 624 2395 22).

382 2416 575 2515 Reliquum
587 2431 641 2488 est
655 2415 766 2512 igitur
777 2429 816 2488 ut
829 2415 1046 2514 gerundium
1062 2441 1082 2489 e
1095 2418 1300 2515 gerundiuo
1313 2420 1448 2493 oriatur

280 2532 457 2604 actionem
492 2557 564 2604 non
601 2529 760 2604 futuram
798 2558 839 2604 ac
883 2531 1145 2623 necessariam,
1180 2535 1243 2608 sed
1280 2534 1448 2608 infectam

281 2647 517 2745 exprimente.

328 2762 433 2856 Quod
447 2763 628 2862 quomodo
645 2763 778 2838 factum
805 2764 863 2853 sit,
880 2789 963 2836 cum
979 2763 1112 2837 factum
1129 2765 1175 2838 sit
1192 2766 1228 2837 in
1242 2767 1446 2865 gerundiuo
1560 2780 1563 2791 “

279 2903 342 2951 seu
361 2879 547 2978 participio
562 2879 701 2979 insecti,
714 2880 848 2953 indicat
863 2879 991 2952 similis
1007 2907 1094 2954 usus
1112 2882 1277 2981 participi
1285 2883 1451 2982 perfecti

280 2994 426 3092 passini.
457 2994 550 3067 Nam
575 2995 642 3067 hoc
662 2995 906 3093 participium,
933 3009 972 3068 ut
994 3011 1120 3070 notum
1140 3013 1206 3087 est,
1233 3023 1305 3070 non
1330 2998 1446 3071 solum
1479 3086 1483 3091 ι

278 3134 359 3182 cum
393 3110 552 3183 subiecto
583 3111 773 3185 adhibetur
800 3111 906 3208 (liber
937 3111 1048 3184 lectus
1077 3116 1145 3209 est)
1176 3114 1239 3186 sed
1266 3114 1445 3187 interdum

278 3224 385 3297 etiam
400 3225 478 3299 siue
497 3226 671 3317 subiect0,
696 3226 744 3299 ita
766 3241 803 3298 ut
825 3227 940 3300 neutri
963 3226 1116 3300 formum
1137 3229 1288 3326 accipiat
1306 3228 1446 3321 (lectum

278 3352 342 3430 est,
360 3341 448 3415 itum
462 3355 527 3432 est,
541 3357 579 3416 ut
591 3342 741 3441 leptim,
762 3342 865 3438 itur);
884 3344 946 3416 sed
963 3368 1035 3415 non
1049 3344 1118 3417 hoc
1132 3358 1288 3417 tantum:
1309 3371 1393 3417 nam
1409 3360 1448 3418 ut

277 3455 370 3530 libro
386 3457 487 3549 lecto,
504 3458 552 3530 ita
574 3458 703 3531 dicitur
724 3458 886 3532 absolute
905 3459 1006 3543 lect0,
1026 3459 1062 3532 id
1083 3473 1137 3532 est
1157 3460 1359 3533 utiterum
1378 3473 1444 3552 est,

276 3597 354 3645 cum
371 3572 497 3647 lectum
511 3586 613 3646 esset.
633 3576 683 3646 lta
702 3575 782 3646 Ter.
801 3575 889 3648 Hec.
911 3575 980 3672 737
1002 3601 1009 3647 :
1036 3602 1054 3645 u
1069 3576 1119 3647 Ea
1134 3590 1247 3648 aetate
1262 3576 1332 3649 iam
1349 3602 1444 3666 sum,

277 3703 402 3761 utnon
424 3690 503 3779 siet,
518 3702 670 3788 peccato
689 3690 731 3789 (=
748 3689 783 3763 si
796 3717 819 3762 α
839 3717 895 3763 me
907 3704 1095 3789 peceatum
1113 3691 1176 3784 sit)
1197 3691 1284 3763 mihi
1306 3692 1445 3790 ignosci

276 3829 479 3903 aequum.»
503 3806 570 3879 Hic
589 3831 690 3896 usuS,
710 3805 839 3903 priscis
852 3806 1091 3905 temporibus
1113 3807 1270 3879 ablatiuo
1288 3808 1445 3880 maxime

275 3946 374 4010 casu,
393 3921 534 3994 uidetur
550 3921 726 3994 ualuisse:
746 3947 829 3994 nam
845 3947 887 3994 eo
897 3922 1054 3994 maxime
1064 3947 1148 3994 casu
1167 3948 1292 4012 causa,
1310 3922 1445 3995 instru-

275 4049 444 4127 mentum,
482 4037 642 4136 aliaeque
679 4038 856 4110 eiusmodi
893 4039 1071 4128 notiones
1111 4063 1201 4137 quas
1240 4038 1444 4137 frequenter

275 4153 477 4251 exprimere
510 4178 654 4226 necesse
687 4167 754 4242 est,
789 4153 1053 4251 exprimuntur.
1090 4154 1176 4226 lude
1208 4153 1267 4226 itta
1296 4154 1443 4252 perfecti

275 4269 461 4367 participia
488 4269 653 4342 oriuntur
678 4295 770 4368 quae
795 4270 841 4343 ad
872 4271 945 4341 uim
971 4268 1044 4342 fere
1070 4269 1313 4342 aduerbialem
1343 4284 1443 4343 trau-

273 4384 438 4458 sieruut:
473 4385 660 4484 auspicato
687 4385 818 4474 (Plaut.
846 4385 955 4457 Pers.
989 4385 1092 4482 637),
1121 4386 1281 4459 consulto
1309 4386 1437 4484 (Poen.

274 4502 374 4599 788),
391 4513 514 4600 optutu
529 4500 677 4599 (Amph.
692 4501 791 4593 658),
809 4500 976 4574 intestato
987 4501 1076 4596 (Cic.
1089 4500 1146 4572 De
1157 4501 1223 4573 Or.
1239 4502 1438 4601 1.39.177),

271 4615 741 4714 satisdato(AdAtt.xv1.
765 4617 855 4706 63),
880 4616 1009 4689 sortito
1036 4616 1094 4713 (In
1126 4616 1229 4689 Verr.
1262 4618 1437 4709 11.4.51),

272 4747 341 4807 cet.
381 4736 420 4806 ln
456 4733 604 4832 reliquis
642 4734 785 4806 casibus
819 4733 914 4806 idem
949 4758 1036 4805 usus
1068 4734 1183 4806 rarior
1220 4733 1363 4831 quidem
1398 4759 1440 4807 ac

272 4850 450 4949 posterior
472 4849 667 4923 inuenitur.
690 4848 789 4939 (tta.
814 4848 931 4921 1.53.1
962 4848 996 4919 ni
1022 4847 1278 4946 depenerotum
1300 4850 1337 4919 in
1359 4849 1439 4922 aliis
