3684 5576
766 584 931 631 ernoous
1388 581 1428 641 59

261 693 523 706 ---——

310 814 387 886 Hoc
407 815 471 911 pro
492 813 593 885 uario
613 837 682 884 usu
703 812 821 885 uarias
839 811 1005 885 fortunae
1028 812 1125 885 uices
1149 826 1338 910 expertum
1358 826 1424 885 est.

262 929 356 1002 Nam
377 953 458 1001 cum
478 928 640 1001 subiecto
660 929 818 1026 positum
841 928 928 1027 quid
950 929 1063 1018 fieret,
1086 943 1148 1001 aut
1169 929 1302 1001 nudam
1327 928 1428 1002 uerbi

262 1044 561 1142 significationem
592 1045 790 1143 (sequenda
818 1045 880 1118 uio
896 1044 1103 1143 peruent'es)
1130 1045 1325 1143 expressit;
1351 1045 1428 1118 sine

262 1161 423 1234 subiecto
442 1186 505 1234 seu
531 1160 817 1260 impersonaliter
845 1160 1045 1234 adhibitum
1067 1161 1172 1254 (inter
1193 1161 1426 1258 sequendum)

261 1276 478 1376 parandium
513 1276 738 1350 factumest.
772 1278 914 1367 Postea,
947 1302 1029 1349 cum
1058 1291 1151 1350 esset
1180 1277 1214 1348 in
1242 1277 1428 1350 sententiis

255 1393 487 1493 propositum
523 1393 809 1492 exprimentibus
851 1407 1063 1491 usurpatum
1102 1392 1295 1491 (sequendo
1333 1394 1432 1467 desti

260 1508 499 1608 clesipnotus),
533 1509 705 1608 paulatim
740 1509 961 1582 necessitatis
1001 1509 1196 1608 assumpsit
1218 1508 1426 1582 notionem:

261 1624 442 1724 sequendo
476 1626 538 1699 uio
569 1639 634 1717 est,
659 1625 883 1724 sequendum
904 1638 968 1698 est.
1002 1626 1056 1696 Ex
1084 1625 1152 1698 hoc
1187 1650 1265 1715 usu,
1297 1625 1429 1698 etalio

261 1742 394 1840 pariter
431 1742 577 1840 pessino
617 1742 825 1835 (occidendo
856 1741 1000 1815 homine
1027 1782 1056 1800 ·=
1092 1768 1157 1840 par
1193 1741 1226 1812 le
1271 1756 1429 1814 meurtre

262 1858 348 1931 d’un
382 1857 543 1956 homme)
582 1858 816 1957 multiplicata
856 1858 1001 1955 passiua
1029 1858 1244 1955 significatio
1276 1857 1429 1930 actiuam

262 1974 427 2047 exclusit.
450 1974 614 2073 Denique
638 1973 724 2046 dum
750 1974 822 2047 iam
838 1973 1013 2073 perfectis
1045 1999 1140 2072 quoe
1164 1973 1262 2074 fieri
1290 1986 1429 2072 oportet

264 2090 414 2188 opponit
434 2092 544 2188 (quoe
561 2103 700 2163 secutus
718 2117 797 2163 sum
826 2103 861 2162 et
882 2116 979 2188 quoe
1004 2088 1186 2188 sequendo
1205 2088 1294 2161 milri
1315 2096 1427 2180 sunt),

264 2208 480 2305 etsuturum
501 2206 703 2304 exprimere
724 2232 849 2305 parum
871 2205 1014 2278 attentis
1029 2205 1184 2296 uidetur,
1204 2205 1430 2302 exprimendi

253 2321 386 2421 futuri
411 2336 531 2420 partes
560 2322 731 2422 paulatim
752 2322 920 2421 suscepit.

315 2438 389 2509 Has
416 2463 543 2511 omnes
566 2439 731 2511 fortunae
760 2439 856 2511 uices
885 2463 956 2536 quo
979 2438 1104 2511 ordine
1123 2437 1239 2510 forma
1262 2437 1298 2507 in
1318 2437 1430 2509 -udus

265 2554 432 2627 desinens
468 2569 615 2653 experta
642 2555 711 2647 sit,
745 2571 781 2628 et
812 2569 933 2627 noster
969 2553 1112 2627 libellus
1143 2568 1304 2644 enarret,
1345 2553 1431 2626 haec

265 2668 457 2768 descriptio
478 2685 747 2769 repraesentat:

263 2848 294 2897 A.
306 2847 405 2912 'Sequo,
420 2847 578 2897 transitiuum
593 2872 622 2889 -ι
632 2850 684 2900 tuo
696 2869 719 2900 τι
852 2849 890 2897 Α’.
900 2849 1004 2912 Sequor,
1018 2849 1103 2898 ressex.
1112 2870 1143 2889 -
1156 2849 1248 2913 ἕπομαί
1261 2868 1307 2898 τινι

313 2919 449 3001 Sequens
462 2952 490 2970 =
506 2930 572 2980 ἕπων
586 2949 609 2979 τι
902 2919 1061 2980 Secundus
1073 2950 1102 2968 ¹-
1117 2932 1236 2993 ἑπόμενός
1250 2947 1297 2979 τινι

613 3028 644 3075 B.
666 3028 769 3090 Sequor,
788 3025 959 3077 transitiuum.

648 3107 839 3189 SequendUS,
864 3117 1002 3182 pussiuum.

312 3251 377 3298 Usus
393 3266 429 3298 a:
446 3250 511 3299 inter
527 3250 678 3314 sequendum
694 3252 741 3298 iter
828 3250 927 3299 Ususb:
940 3249 1065 3314 sequendo
1073 3247 1291 3311 hostidesignatus

446 3344 476 3363 a
492 3321 552 3369 dum
562 3322 608 3369 iter
619 3329 714 3370 tenetur
768 3318 772 3325 ’
940 3344 969 3362 =
998 3320 1030 3368 ad
1052 3320 1134 3368 hostis
1159 3321 1291 3384 {pertsecu-

387 3393 747 3458 a':intereequendum(ebso·
999 3393 1092 3441 tionem
1128 3390 1289 3454 designatus,

480 3465 549 3527 tute),
570 3465 635 3513 unde
999 3463 1065 3512 unde

445 3562 670 3645 sequendi,·do,
689 3576 745 3641 ger.
944 3562 1371 3644 sequenduspartnecessitatis.

1100 3666 1171 3699 cums

822 3798 889 3845 Usus
904 3810 938 3843 a:
957 3794 1082 3858 sequenda
1094 3794 1135 3842 uia
1183 3795 1249 3843 Usus
1265 3792 1299 3841 b:
1317 3806 1379 3855 quae
1395 3806 1432 3838 se-

981 3872 1026 3927 est,
1203 3872 1276 3912 cutus
1299 3863 1349 3911 iam
1376 3877 1432 3910 sum

899 3948 946 3994 c':
964 3945 1136 4010 sequendum
1206 3952 1230 3992 et
1241 3942 1432 4006 quaesoquenda

917 4019 918 4023 ’
989 4024 1028 4065 est
1208 4014 1271 4062 mihi
1292 4021 1358 4075 aunt,

1273 4085 1338 4134 unde

1179 4163 1430 4194 w

1182 4210 1432 4292 Sequenduspart.

1209 4300 1294 4348 futuri.

1213 4371 1264 4435 (qui
1278 4386 1333 4420 scra
1347 4370 1431 4433 suiri).

317 4527 414 4599 Haec
441 4526 635 4625 descriptio
659 4541 693 4600 et
715 4552 822 4626 quam
849 4538 1091 4625 repraesentat
1118 4524 1279 4597 doctrina
1307 4522 1434 4596 suadet

268 4656 320 4743 ut,
346 4643 443 4741 quod
476 4643 521 4716 ad
551 4642 858 4742 st'pnt'stcott‘onem
888 4654 999 4740 atque
1029 4668 1131 4714 usum
1163 4640 1299 4729 attinet,
1331 4639 1432 4711 initio

269 4759 364 4832 idem
387 4758 498 4831 fuisse
524 4758 740 4831 arbitremur
767 4759 1009 4857 gerundiuum
1032 4759 1068 4829 in
1095 4757 1221 4830 Latino
1251 4781 1430 4845 sermone,

268 4875 365 4974 quod
384 4875 451 4948 tuit
470 4875 505 4946 in
528 4876 666 4948 Graeco
688 4875 916 4975 participium
931 4874 1266 4972 medio-passiuum.
