3684 5576
658 554 703 600 DE
728 554 917 602 GERUNDIVI
947 547 1101 600 TEMPORB
1424 551 1462 610 15

286 776 486 850 obsoletam
514 777 790 850 declinationem
817 777 1054 851 retinuerunt.
1082 780 1133 851 lta
1159 777 1293 851 lactum
1319 778 1461 851 uidetur

288 906 322 963 et
357 892 393 963 in
426 893 544 965 Latini
577 893 756 967 sermonis
789 893 1039 966 immutatione
1071 921 1079 965 :
1114 894 1149 965 in
1184 919 1257 992 quo
1289 893 1390 977 dum,
1425 894 1462 965 in

288 1009 502 1106 participiali
529 1036 610 1099 usu,
632 1009 747 1082 lorma
771 1010 806 1081 in
831 1035 895 1082 -ns
915 1010 1084 1083 desinens
1104 1012 1289 1108 (sequena)
1308 1010 1354 1082 ad
1372 1012 1463 1083 acti-

288 1149 371 1197 uam
397 1124 699 1221 significationem
734 1125 1008 1223 exprimendam
1043 1125 1252 1222 praenotet,
1282 1139 1318 1198 ct
1348 1126 1393 1198 ab
1419 1153 1462 1200 eo

288 1265 355 1312 usu
381 1240 540 1313 excludit
568 1240 721 1313 formam
751 1240 786 1311 in
802 1240 912 1313 -rtdns
931 1241 1135 1332 cadentem,
1157 1241 1245 1314 haec
1269 1241 1315 1314 ad
1342 1258 1462 1339 partes

287 1351 454 1448 passione
473 1351 750 1448 significationis
781 1352 971 1450 (sequendo
1000 1352 1158 1447 itinere),
1182 1352 1331 1451 eiusque
1351 1353 1463 1426 solius

288 1466 558 1564 exprimendae,
576 1481 649 1539 tota
679 1468 834 1557 transiit,
869 1466 939 1539 nisi
971 1466 1069 1565 quod
1099 1468 1136 1539 in
1165 1468 1377 1541 attributiuo
1405 1468 1461 1542 uel

286 1582 464 1654 adiectiuo
485 1607 551 1654 usu
569 1582 741 1674 (secunda
762 1583 895 1681 spolia)
924 1583 1083 1679 priscum
1105 1583 1301 1681 aliquando
1328 1609 1460 1680 genus,

285 1697 499 1770 rellexiuum
518 1723 581 1770 seu
601 1697 759 1770 medium
776 1698 924 1786 scilicet,
942 1698 1094 1796 ideoque
1110 1699 1282 1788 actiuum,
1299 1698 1458 1771 retinuit.

287 1813 337 1884 Ea
360 1827 466 1885 tenus
487 1813 676 1903 secundus,
707 1812 900 1902 labundus,
928 1812 1118 1902 oriundae,
1140 1813 1338 1886 soluendus
1362 1813 1461 1885 anti-

285 1923 499 2021 quissimum
520 1924 712 2022 gerundiui
731 1950 835 1997 usum
855 1937 1046 1996 testantur.

607 2513 782 2595 CAPUT
834 2512 1135 2585 SECUNDUM

286 2760 381 2825 QUOD
413 2736 460 2807 Al)
502 2760 625 2807 Tauros
664 2760 843 2826 PERTINET,
884 2759 1115 2807 GERUNDIVUM
1148 2757 1207 2803 EST
1240 2756 1461 2803 PARTICIPIUM

335 2876 489 2940 INFECTI,
530 2877 592 2923 SEU
633 2875 846 2941 tttrttnrttttt't,
892 2874 1086 2921 PARTICIPIO
1121 2871 1282 2919 runrscrt
1317 2873 1351 2920 IN
1385 2870 1462 2916 ·TUS

334 2992 508 3039 DESINENTI
537 2991 740 3039 OPPOSITUM.

340 3214 374 3307 1)
389 3211 499 3283 Binas
513 3235 592 3282 esse
608 3210 643 3279 in
664 3209 777 3281 uerbo
793 3207 921 3280 Latino
939 3221 1143 3304 temporum
1160 3206 1272 3280 series
1288 3232 1395 3279 nemo
1407 3219 1462 3280 est

285 3327 373 3427 quin
402 3326 504 3416 sciat,
529 3325 675 3423 quidam
696 3323 976 3411 obliuiscuntur,
999 3322 1152 3394 ducibus
1172 3322 1216 3395 iis
1234 3347 1326 3421 quos
1345 3324 1461 3395 Varro

285 3440 517 3542 reprehendit
533 3441 570 3512 in
598 3439 692 3512 libro
718 3439 775 3511 De
802 3438 928 3536 linqua
950 3437 1088 3510 Latina
1108 3463 1230 3510 nono:
1257 3462 1276 3507 <t
1298 3437 1458 3509 Primum

287 3557 384 3658 quod
414 3557 517 3629 aiunt
542 3555 727 3653 analogias
758 3579 831 3627 non
868 3553 1006 3626 seruari
1038 3553 1075 3624 in
1107 3552 1351 3650 temporibus,
1379 3578 1462 3625 cum

286 3674 408 3746 dicant
419 3671 503 3770 leqt',
520 3672 614 3770 legra,
632 3672 767 3769 leqom,
785 3684 820 3742 et
835 3670 886 3741 sic
901 3668 1067 3741 similiter
1082 3668 1164 3760 alia,
1183 3693 1268 3740 nam
1284 3692 1376 3765 quae
1391 3668 1464 3740 sint

287 3803 326 3862 ut
353 3787 428 3886 lepi
452 3785 650 3885 perlectum
670 3784 890 3883 significare,
919 3784 991 3856 duo
1015 3782 1152 3881 reliqua
1179 3783 1260 3880 layo
1282 3796 1317 3855 et
1342 3782 1461 3881 leqcm

286 3903 504 3992 inchoatum,
532 3900 662 3972 iniuria
691 3897 972 3997 reprehendunt.
992 3897 1085 3970 Nam
1105 3922 1150 3969 ex
1176 3896 1303 3969 eodem
1328 3922 1462 3994 genere

287 4033 322 4093 et
332 4044 377 4092 cx
387 4018 565 4092 diuisione
576 4016 670 4089 idem
686 4014 839 4087 uerbum
850 4013 948 4112 quod
959 4027 1144 4110 sumptum
1159 4026 1213 4085 est
1223 4036 1287 4109 per
1299 4026 1462 4108 tempora

286 4134 423 4208 traduci
457 4147 591 4232 potest,
625 4146 662 4204 ut
693 4129 891 4219 discebam,
926 4128 1041 4217 disce,
1076 4126 1236 4217 dt‘eccrn,
1267 4141 1302 4199 et
1337 4126 1462 4199 eadem

287 4249 450 4349 perlecti,
468 4251 519 4321 sic
533 4247 745 4336 didiceram,
762 4243 885 4334 didici,
904 4242 1110 4316 dt'dicero...
1130 4244 1218 4315 ltem
1234 4241 1323 4314 illud
1337 4266 1463 4339 repre-

201 4420 205 4427 ·
287 4365 450 4438 bendunt
480 4364 576 4463 quod
616 4362 779 4435 dicamus
813 4384 937 4449 amor,
969 4358 1141 4446 amabor,
1174 4368 1319 4431 amotos
1349 4382 1460 4429 snm:

288 4480 472 4554 nonenim
493 4478 660 4551 debuisse
679 4476 716 4548 in
732 4500 803 4548 una
823 4475 916 4547 serie
936 4500 1049 4547 uuum
1067 4474 1218 4545 uerbum
1234 4498 1312 4546 csse
1327 4471 1463 4569 duplex

289 4623 372 4671 cum
387 4597 458 4670 duo
480 4593 656 4691 simplicia
669 4605 801 4665 essent.
819 4590 945 4688 Neque
957 4614 1002 4661 ex
1015 4588 1192 4662 diuisione
1207 4588 1236 4661 si
1255 4585 1462 4659 uniusmodi

288 4738 403 4812 ponas
435 4710 559 4801 uerba,
599 4708 805 4805 discrepant
835 4705 929 4778 inter
958 4731 1023 4777 se:
1060 4731 1142 4776 nam
1179 4704 1309 4776 inlecta
1339 4702 1460 4776 omnia

289 4826 465 4928 simplicia
481 4824 613 4898 similia
632 4839 718 4896 sunt
735 4850 743 4913 3
770 4836 806 4894 et
825 4820 982 4919 perlecta
1001 4819 1158 4919 duplicia
1183 4820 1277 4892 inter
1295 4844 1334 4891 se
1361 4818 1460 4918 paria
