3684 5576
623 512 669 557 nu
693 508 883 558 unaunnrvi
911 508 1058 557 murore
1109 482 1110 486 ’
1370 508 1409 567 19

240 734 379 807 monias
412 733 593 833 pertinent
625 735 869 807 uetustissima
896 734 1154 808 consuetudine
1182 736 1345 826 traditas,
1374 750 1410 809 et

239 851 317 947 ipsa
330 852 444 923 oratio
459 851 681 948 comprobat.

278 1037 398 1119 Agrum
412 1036 541 1097 lustrem
555 1037 599 1096 sic
612 1048 766 1117 oportet...
787 1039 908 1107 lanum,
926 1039 1089 1119 Iouemque
1110 1039 1183 1099 uino
1206 1039 1406 1122 praefamine,

238 1132 281 1193 sic
295 1133 407 1197 dicito:
426 1158 441 1193 n
456 1137 539 1195 Mars
555 1145 649 1218 pater,
663 1146 691 1196 te
704 1156 810 1218 precor
824 1157 996 1217 quaesoque
1012 1135 1054 1196 uti
1069 1136 1127 1197 sies
1140 1136 1245 1197 uolens
1261 1137 1409 1219 propitius

239 1232 367 1307 mihi...,
384 1244 520 1315 pastores
537 1254 694 1316 pecuaque
715 1234 802 1294 salua
817 1234 976 1305 seruassiS,
995 1233 1125 1315 duisque
1145 1234 1257 1295 bonam
1280 1236 1409 1295 salutem

240 1330 505 1412 ualetudinemque
534 1331 609 1391 mihi
636 1332 727 1392 domo
750 1331 946 1412 familiaeque
974 1341 1117 1392 nostrae:
1141 1331 1285 1393 harumce
1306 1355 1408 1393 rerum

238 1449 361 1510 ergo...‚
379 1429 565 1490 mactehisce
579 1430 834 1490 suouitaurilibus
846 1428 1047 1491 immolandis
1056 1438 1158 1491 esto...
1175 1455 1190 1490 n
1208 1430 1266 1492 Ubi
1283 1452 1407 1513 porcum

238 1526 411 1602 inmolabis,
437 1527 519 1588 ...sic
533 1540 670 1611 oportet:
692 1551 709 1587 r<
732 1528 860 1609 eiusque
881 1527 922 1589 rei
944 1550 1018 1609 ergo
1040 1538 1136 1589 macte
1155 1529 1409 1590 suouitaurilibus

239 1623 440 1687 inmolandis
459 1636 533 1690 esto.
552 1649 567 1685 n
592 1627 645 1704 (A.
665 1626 700 1686 C.
720 1628 784 1698 141.
806 1648 831 1689 1.
850 1647 880 1688 2.
898 1628 927 1689 3.
944 1628 993 1703 li.)
1032 1686 1034 1690 ,

279 1723 357 1783 Cum
379 1723 530 1804 pollucere
550 1724 711 1805 oportebit,
732 1725 775 1783 sic
795 1724 911 1784 facies:
936 1746 953 1782 <c
973 1723 1109 1806 luppiter
1123 1723 1291 1807 dapalis...,
1312 1735 1409 1786 macte

238 1818 295 1881 hac
313 1820 398 1881 illace
412 1820 489 1903 dape
505 1820 704 1903 pollucenda
720 1834 794 1883 esto.
814 1845 828 1881 n
848 1822 901 1901 (A.
920 1821 953 1882 C.
976 1823 1084 1901 132.r.)
1392 1896 1395 1903 ι

278 1918 463 2001 Priusquam
486 1920 608 1981 mmsim
629 1920 732 1993 facies,
756 1941 880 2002 porcam
903 1919 1135 2002 praecidaneae]
1158 1919 1215 1980 hoc
1230 1920 1319 1981 modo
1342 1920 1406 1980 fieri

238 2028 391 2100 oportet...
408 2018 481 2078 luno
493 2027 608 2080 struem
617 2030 789 2079 ommoueto
803 2018 861 2079 sic:
876 2041 893 2076 n
908 2019 980 2079 lane
990 2029 1075 2101 pater
1088 2029 1116 2078 te
1130 2017 1187 2078 hac
1197 2029 1280 2079 strue
1290 2039 1408 2079 ommo-

239 2116 346 2178 nenda
368 2116 465 2176 bonas
483 2138 585 2200 preces
603 2138 717 2199 precor.
737 2141 750 2175 n
772 2119 880 2177 Postea
904 2118 977 2176 lano
997 2117 1104 2176 uinum
1125 2116 1195 2177 dato
1213 2118 1279 2177 sic:
1305 2139 1320 2175 c<
1336 2118 1407 2178 lane

237 2226 322 2297 pater
335 2214 378 2275 uti
392 2227 419 2275 te
432 2226 514 2275 strue
530 2215 744 2276 ommonende
760 2214 855 2275 bonas
870 2236 973 2297 preces
986 2214 1062 2275 bene
1076 2225 1214 2298 precatus
1232 2236 1312 2287 sum,
1328 2215 1408 2275 eius·

237 2312 305 2373 dem
321 2312 364 2372 rei
379 2334 452 2395 ergo
468 2325 564 2374 macte
579 2313 652 2374 uino
666 2312 775 2373 inferio
790 2324 862 2374 esto.
877 2336 895 2372 »
908 2314 960 2392 (A.
979 2312 1013 2375 C.
1032 2313 1097 2390 134,
1113 2313 1189 2395 23.)

286 2483 353 2555 His
368 2481 403 2554 in
421 2482 585 2556 formulis
599 2508 708 2556 uoces
722 2508 828 2581 saepe
844 2497 1080 2572 recurrentem,
1101 2508 1120 2553 (t
1136 2482 1402 2569 ommouendns‚

239 2598 467 2672 inmolandus
482 2628 516 2686 n,
538 2599 574 2672 id
591 2600 687 2697 quod
703 2600 821 2697 egitur
838 2624 920 2673 cum
936 2599 1055 2696 agitur
1075 2599 1185 2687 aliud,
1204 2613 1265 2671 aut
1279 2597 1403 2670 saltem

238 2714 340 2787 uerbi
359 2715 473 2813 ipsius
493 2715 669 2788 actionem
685 2716 906 2812 exprimunt,
923 2715 986 2787 sed
1000 2740 1079 2787 eam
1100 2714 1298 2814 inseetam¹.
1325 2715 1405 2806 Quo

238 2830 273 2902 in
284 2856 368 2903 casu
382 2845 546 2930 utroque,
559 2857 605 2905 ex
620 2857 730 2930 supra
745 2831 863 2922 dictis,
875 2831 1075 2929 praesentis
1087 2830 1274 2929 participia
1286 2830 1405 2902 uocari

238 2960 401 3044 possunt.

288 3073 323 3163 3)
335 3072 416 3144 Huc
427 3072 601 3144 accedunt
612 3071 746 3144 formae
762 3072 843 3144 illae
858 3071 1008 3160 actiuae,
1027 3071 1266 3161 uitabundus,
1283 3071 1407 3143 oriun-

237 3188 316 3277 dus,
333 3187 521 3278 secundus,
552 3189 759 3261 uoluendns.
783 3188 883 3279 Quas
908 3202 943 3259 et
972 3187 1068 3286 ipsas
1094 3187 1180 3258 nihil
1204 3187 1406 3284 exprimere

240 3305 309 3377 nisi
325 3303 426 3376 uerbi
445 3305 622 3376 actionem
643 3306 759 3402 ipsam
778 3304 1026 3394 concederem,
1047 3304 1168 3393 modo,
1195 3303 1315 3375 addito
1335 3328 1406 3375 uuo

240 3420 365 3512 uerb0,
383 3419 542 3492 dicerent
563 3446 581 3489 u
597 3420 772 3492 actionem
795 3419 1091 3517 imperfectam».

289 3543 381 3616 Nam
410 3545 506 3642 quod
534 3544 577 3617 de
604 3544 867 3641 significatione
895 3544 1085 3641 praeterita
1104 3543 1206 3615 uerbi
1232 3530 1406 3615 oriundus

239 3660 397 3759 disputat
412 3661 600 3751 Lebreton‚
620 3687 690 3733 non
707 3661 794 3733 satis
809 3660 854 3733 ad
869 3686 943 3732 rem
958 3674 1081 3757 aptum
1096 3674 1165 3732 est:
1187 3686 1204 3727 «
1218 3657 1406 3729 D'ailleurs

240 3776 291 3849 les
316 3775 479 3874 adjectils
505 3777 608 3849 actils
628 3792 709 3849 sont
728 3802 858 3848 encore
885 3776 931 3848 ici
947 3776 1009 3847 des
1035 3775 1190 3847 ttmoins
1206 3774 1374 3871 precieux
1395 3797 1404 3861 3

240 3891 272 3964 le
300 3893 430 3965 suffixo
451 3920 476 3991 y
498 3897 660 3990 apparati
680 3919 819 3965 comme
845 3892 1080 3964 entierement
1099 3891 1213 3963 derue
1233 3890 1276 3961 de
1295 3887 1408 3985 signi-

240 4007 382 4081 fication
410 4008 619 4105 temporelle
651 4009 713 4107 qui
747 4009 796 4081 lui
829 4008 899 4080 soit
930 4032 1073 4104 propre.
1108 4006 1224 4095 Ainsi,
1253 4004 1341 4076 dans
1368 4030 1407 4076 ce

242 4149 394 4222 passage
404 4123 574 4212 d'mtius,
588 4125 684 4197 undo
696 4124 856 4197 lnbnndo
869 4122 963 4195 sonit
979 4120 1160 4219 (Plinii,
1175 4121 1217 4191 fr.
1237 4121 1264 4210 l,
1282 4121 1366 4217 ‘³57
1393 4121 1407 4213 )

273 4462 297 4510 1.
323 4460 445 4510 Eatenus
471 4461 515 4510 his
533 4460 665 4511 assentiri
687 4472 805 4524 possum
827 4473 897 4523 quae
924 4458 1060 4510 Lebretou
1085 4457 1155 4508 dicit
1178 4471 1203 4507 o.
1229 4457 1250 4507 l.
1276 4457 1303 4508 18
1328 4456 1405 4519 [tort.

241 4552 253 4581 «
270 4537 327 4594 Quo
341 4536 395 4586 l’on
407 4548 541 4599 parcoure
551 4550 588 4585 au
598 4536 736 4586 contraire
747 4536 788 4585 les
805 4537 877 4585 seiae
890 4538 967 4585 cents
980 4535 1121 4599 exemplos
1134 4547 1186 4597 que
1201 4534 1236 4584 M.
1249 4532 1410 4584 Suellmenn

241 4626 258 4661 a
270 4610 377 4662 releves
394 4612 463 4661 dans
483 4611 523 4661 les
541 4613 667 4662 discours
680 4611 714 4661 de
732 4612 848 4661 ciceron
866 4615 893 4661 et
907 4611 961 4660 l'on
979 4624 1009 4660 se
1023 4611 1198 4665 convaincra,
1214 4612 1244 4671 je
1259 4609 1341 4664 crois,
1359 4621 1411 4671 quo

241 4688 376 4750 l'adjeetit'
393 4701 426 4738 eu
444 4688 535 4738 -odua
550 4687 595 4737 n'a
610 4688 645 4737 de
671 4687 811 4737 lui-meme
828 4700 935 4736 aucune
948 4685 1137 4749 signification
1151 4683 1321 4749 temporelle,
1342 4684 1413 4733 mais

241 4776 294 4826 que
313 4775 419 4813 comme
439 4765 468 4825 ie
486 4764 531 4813 l'ai
552 4763 593 4813 dit
611 4762 674 4827 plus
697 4763 774 4819 haut,
788 4762 868 4826 apres
887 4762 925 4812 M.
948 4761 1037 4819 areat.
1059 4760 1079 4811 il
1097 4761 1248 4825 n'exprime
1267 4773 1318 4823 pas
1334 4765 1413 4810 autre

243 4839 329 4890 chose
346 4851 399 4903 que
414 4838 495 4890 l'idee
508 4840 543 4890 de
558 4838 673 4891 l’action
691 4838 747 4890 soit
763 4838 863 4899 active,
877 4839 934 4889 soit
946 4837 1070 4902 passive.
1092 4854 1104 4883 n
